
@article{kahne_does_2015,
	title = {Does {Placemaking} {Cause} {Gentrification}? {It}'s {Complicated}.},
	shorttitle = {Does {Placemaking} {Cause} {Gentrification}?},
	url = {https://www.pps.org/blog/gentrification/},
	abstract = {The issues associated with gentrification are not going anywhere anytime soon. As long as people are looking for more affordable housing, close to city centers, with neighborhood amenities, the process will continue. So how do we manage its persistence?},
	urldate = {2017-02-18},
	journal = {Project for Public Spaces},
	author = {Kahne, Juliet},
	month = nov,
	year = {2015}
}