
@misc{_ustav_1963,
	title = {Ustav {Jugoslavije} [{Yugoslav} {Constitution}]},
	year = {1963}
}