
@misc{financial_times_experts_2015,
	title = {Experts divided over value of {UN} sustainable development goals},
	url = {https://www.ft.com/content/1ac2384c-57bf-11e5-9846-de406ccb37f2},
	urldate = {2017-02-17},
	journal = {Financial Times},
	author = {{Financial Times}},
	month = sep,
	year = {2015}
}