
@book{chaplin_architecture_2015,
	title = {The {Architecture} of {Diagrams}},
	language = {English},
	author = {Chaplin, Andrew},
	year = {2015},
	keywords = {diagramming}
}

@book{mccandless_knowledge_2014,
	edition = {01 edition},
	title = {Knowledge is {Beautiful}},
	isbn = {978-0-00-742792-5},
	abstract = {In this mind-blowing follow-up to the bestselling Information is Beautiful, the king of infographics David McCandless uses spectacular visuals to reveal unexpected insights into how the world really works.We are living in the Information Age, in which we are constantly bombarded with data – on television, in print and online. How can we relate to this mind-numbing overload? Enter David McCandless and his amazing infographics: simple, elegant ways to understand information too complex or abstract to grasp any way but visually. In his unique signature style, he creates dazzling displays that blend facts with their connections, contexts and relationships, making information meaningful, entertaining – and beautiful.Taking infographics to the next level, his new book Knowledge is Beautiful is an endlessly fascinating spin through the world of visualized data, which offers a deeper, more wide-ranging look at the world and its history. Covering everything from dog breeds and movie plots to the origins of life and a timeline of the far future, this stunning book is guaranteed to enrich your understanding of the world.},
	language = {English},
	publisher = {William Collins},
	author = {McCandless, David},
	month = sep,
	year = {2014}
}

@book{raisson_2033_2010,
	address = {Paris},
	title = {2033, {Atlas} des futurs du monde},
	isbn = {978-2-221-11234-2},
	language = {French},
	publisher = {Robert Laffont},
	author = {Raisson, Virginie},
	month = nov,
	year = {2010}
}

@book{caraes_images_2011,
	address = {Paris},
	title = {Images de pensee},
	isbn = {978-2-7118-5804-0},
	abstract = {Sur un cahier, sur un brouillon, en marge d'une lettre, sur une nappe en papier, voici des dessins esquissés, des schémas maladroits ou des tracés minutieux, qui tous traduisent l'essentiel : une pensée en train de naître, un surgissement qui contient déjà tout un univers spirituel.  Darwin, Freud, Descartes, Goethe, Klee, Nabokov, parmi d'autres, ont laissé ces «images de pensée» témoignant d'une réflexion en marche, d'une parole encore informulée mais intensément présente. Ces images, pure expression d'un travail intérieur, n'ont pas été conçues pour être publiées. Les observer, comme le permet l'ensemble ici réuni, c'est pénétrer au coeur de ce qui est, peut-être, l'origine de la pensée.  Il est des images qui semblent n'appartenir à aucune époque particulière, un univers de formes inventé de toutes pièces, qui attrape notre regard et reste à première vue fermé à notre entendement : ce sont de puissantes constructions intellectuelles saisies dans une figure unique, capable à elle seule d'incarner la genèse d'une pensée dans son effervescence secrète, au plus proche de la main qui l'a dessinée. Elles prennent la forme de schémas, de tableaux, de trajectoires, ou de dessins... Ce sont des images de pensée. Que sont ces images ? Créées par des philosophes, cinéastes, architectes, artistes, chimistes, musiciens... pour apprivoiser ce que le langage est impuissant à saisir, elles précèdent la rationalisation ou la mise en forme de la pensée : L'impulsion du mouvement de René Descartes, Le Schéma de la sexualité dans la mélancolie tracé en 1895 par Sigmund Freud, La figure des enseignements au Bauhaus dessinée par Paul Klee, le Cercle des couleurs de Goethe, d'autres figures celles de Charles Darwin, Paul Valéry, Walter Benjamin, Fritz Lang, Jean Malaurie, Vladimir Nabokov, Claude Simon, Raymond Queneau, Dziga Vertov...  58 dessins sont présentés dans cet ouvrage, accompagnés chacun d'une légende émanant parfois de l'auteur même du dessin. Cette anthologie de la pensée nous livre une part inconnue de l'interrogation de ces hommes, tous expérimentateurs dans leur domaine, qui sortent de leur discipline pour tenter de dompter une pensée en devenir.},
	language = {Français},
	publisher = {RMN},
	author = {Caraes, Marie-Haude and Marchand-Zanartu, Nicole and Lauxerois, Jean},
	month = jan,
	year = {2011}
}

@book{krum_cool_2013,
	title = {Cool {Infographics}: {Effective} {Communication} with {Data} {Visualization} and {Design}},
	isbn = {978-1-118-58228-2},
	shorttitle = {Cool {Infographics}},
	abstract = {Make information memorable with creative visual design techniques Research shows that visual information is more quickly and easily understood, and much more likely to be remembered. This innovative book presents the design process and the best software tools for creating infographics that communicate. Including a special section on how to construct the increasingly popular infographic resume, the book offers graphic designers, marketers, and business professionals vital information on the most effective ways to present data.  Explains why infographics and data visualizations work Shares the tools and techniques for creating great infographics Covers online infographics used for marketing, including social media and search engine optimization (SEO) Shows how to market your skills with a visual, infographic resume Explores the many internal business uses of infographics, including board meeting presentations, annual reports, consumer research statistics, marketing strategies, business plans, and visual explanations of products and services to your customers  With Cool Infographics, you'll learn to create infographics to successfully reach your target audience and tell clear stories with your data.},
	language = {en},
	publisher = {Wiley},
	author = {Krum, Randy},
	month = oct,
	year = {2013},
	note = {Google-Books-ID: 7ZesAQAAQBAJ},
	keywords = {Computers / Data Visualization, Computers / Information Technology}
}

@misc{bolay_changements_2010,
	title = {Changements globaux et developpement: {Quelle} durabilite pour les villes du {Sud}},
	author = {Bolay, Jean-Claude and Kern, Abigaïl},
	year = {2010}
}

@techreport{drzavna_statistika_kraljevine_jugoslavije_definitivni_1932,
	address = {Sarajevo},
	title = {Definitivni rezultati popisa stanovnistva od 31 januara 1921 god. [{Resultats} definitifs deu recensement de la population du 31 janvier 1921]},
	language = {Serbian},
	institution = {Kraljevina Jugoslavija Drzavna Statistika},
	author = {{Drzavna Statistika Kraljevine Jugoslavije}},
	year = {1932}
}