
@misc{strategija_vlade_r._srbije_strategija_2003,
	title = {Strategija za smanjenje siromastva u {Srbiji}},
	language = {serbian},
	author = {{Strategija Vlade R. Srbije}},
	year = {2003}
}

@misc{_zakon_2003,
	title = {Zakon o {Planiranju} i {Izgradnji} ({PCA} 2003)},
	language = {Serbian},
	year = {2003}
}