
@misc{_urban_????,
	title = {Urban {Incubator} {Belgrade}},
	url = {http://www.goethe.de/ins/cs/bel/prj/uic/sav/enindex.htm},
	urldate = {2013-07-29}
}

@article{kamenzid_urban_2013,
	title = {Urban {Incubator} as a creative playground for development - {Interview} with {Dr}. {Matthias} {Müller}-{Wieferig}, director of the {Goethe}-{Institute} {Belgrade}},
	shorttitle = {Urban {Incubator} as a creative playground for development},
	url = {https://issuu.com/camenzind/docs/kamenzind_3_single_page},
	language = {serbian \& english},
	number = {3},
	journal = {Kamenzind},
	author = {{Kamenzid}},
	month = nov,
	year = {2013}
}

@misc{nusic_kafane_2013,
	title = {Kafane u {Savamali}},
	shorttitle = {Nušić},
	url = {http://www.avantartmagazin.com/savamala-kafane/},
	abstract = {Kafane u starom Beogradu, od Kalemegdana do Savamale},
	urldate = {2017-02-13},
	journal = {Avant Art Magazin},
	author = {Nušić, Branislav},
	month = mar,
	year = {2013}
}

@misc{stojanovic_u_2010,
	title = {U živom blatu - {Institucije} u {Srbiji} 1903-1914.},
	url = {http://pescanik.net/u-zivom-blatu/},
	abstract = {Da li je demokratija korov koji svuda uspeva ili osetljiva biljka koja traži posebne uslove?},
	urldate = {2017-02-13},
	journal = {Peščanik},
	author = {Stojanovic, Dubravka},
	year = {2010}
}

@article{markovic_wide_2013,
	title = {On the wide blue {Sava}},
	url = {https://issuu.com/camenzind/docs/kamenzind_2_single_page},
	language = {serbian \& english},
	number = {2},
	journal = {Kamenzind},
	author = {Markovic, Nikola},
	month = sep,
	year = {2013},
	pages = {22--29}
}