
@article{_urban_2013,
	title = {Urban {Incubator} as a creative playground for development - {Interview} with {Dr}. {Matthias} {MÃ¼ller}-{Wieferig}, director of the {Goethe}-{Institute} {Belgrade}},
	shorttitle = {Urban {Incubator} as a creative playground for development},
	url = {https://issuu.com/camenzind/docs/kamenzind_3_single_page},
	language = {serbian \& english},
	number = {3},
	journal = {Kamenzind},
	month = nov,
	year = {2013}
}

@misc{_strategija_2003,
	title = {Strategija za smanjenje siromastva u {Srbiji}},
	language = {serbian},
	year = {2003}
}