
@article{simmie_self-management_1989,
	title = {Self-management and town planning in {Yugoslavia}},
	volume = {60},
	url = {http://liverpool.metapress.com/content/41KX5830641245T7},
	number = {3},
	urldate = {2012-09-30},
	journal = {Town Planning Review},
	author = {Simmie, James},
	month = jul,
	year = {1989},
	pages = {271},
	file = {MetaPress Snapshot:C\:\\Users\\anturija\\AppData\\Roaming\\Zotero\\Zotero\\Profiles\\9mpfrzht.default\\zotero\\storage\\WX4UNJK9\\41KX5830641245T7.html:text/html}
}

@book{stanilov_post-socialist_2007,
	address = {Dordrecht, the Netherlands},
	title = {The post-socialist city urban form and space transformations in {Central} and {Eastern} {Europe} after socialism},
	isbn = {978-1-4020-6053-3 1-4020-6053-X 978-1-4020-6052-6 1-4020-6052-1},
	url = {http://public.eblib.com/EBLPublic/PublicView.do?ptiID=338378},
	abstract = {In the large body of literature produced during the last fifteen years on the transformation of Eastern European societies after the fall of communism, studies investigating changes in urban form and structure have been quite rare. Yet a profound reorganization of the manner in which urban space is appropriated has taken place, impacting the life of over 200 million urban residents in the region. The patterns of spatial organization, which have been established during this fairly limited but critical timeframe, are likely to set the direction of future urban development in CEE cities for a lon.},
	language = {English},
	urldate = {2013-08-15},
	publisher = {Springer Verlag},
	author = {Stanilov, Kiril},
	year = {2007},
	keywords = {CEE, decentralization, deregulation, neoliberalism, post-socialist city, privatization, transitional countries, urban form, urban transformations}
}

@article{petrovic_cities_2009,
	title = {Cities after socialism as a research issue},
	url = {http://dspace.cigilibrary.org/jspui/handle/123456789/8490},
	urldate = {2013-08-23},
	author = {Petrovic, Mina},
	year = {2009}
}

@article{vujosevic_collapse_2010,
	title = {Collapse of strategic thinking, research and governance in {Serbia} and possible role of the spatial plan of the {Republic} of {Serbia} (2010) in its renewal},
	issn = {1450-569X},
	url = {http://www.doiserbia.nb.rs/Article.aspx?ID=1450-569X1023022V},
	doi = {10.2298/SPAT1023022V},
	number = {23},
	urldate = {2013-08-28},
	journal = {Spatium},
	author = {Vujosevic, Miodrag},
	year = {2010},
	pages = {22--29}
}

@incollection{tsenkova_urban_2007,
	series = {The {GeoJournal} {Library}},
	title = {Urban futures: {Strategic} planning in post-socialist {Europe}},
	copyright = {©2007 Springer},
	isbn = {978-1-4020-6052-6 978-1-4020-6053-3},
	shorttitle = {Urban futures},
	url = {http://link.springer.com/chapter/10.1007/978-1-4020-6053-3_22},
	number = {92},
	urldate = {2013-08-30},
	booktitle = {The {Post}-{Socialist} {City}},
	publisher = {Springer Netherlands},
	author = {Tsenkova, Sasha},
	editor = {Stanilov, Kiril},
	month = jan,
	year = {2007},
	keywords = {Human Geography, Landscape/Regional and Urban Planning, Regional and Cultural Studies, urbanism},
	pages = {447--471},
	file = {Snapshot:C\:\\Users\\anturija\\AppData\\Roaming\\Zotero\\Zotero\\Profiles\\9mpfrzht.default\\zotero\\storage\\77DZFGW3\\978-1-4020-6053-3_22.html:text/html}
}

@incollection{vujovic_belgrades_2007,
	series = {The {GeoJournal} {Library}},
	title = {Belgrade’s post-socialist urban evolution: {Reflections} by the actors in the development process},
	copyright = {©2007 Springer},
	isbn = {978-1-4020-6052-6 978-1-4020-6053-3},
	shorttitle = {Belgrade’s post-socialist urban evolution},
	url = {http://link.springer.com/chapter/10.1007/978-1-4020-6053-3_18},
	number = {92},
	urldate = {2013-09-08},
	booktitle = {The {Post}-{Socialist} {City}},
	publisher = {Springer Netherlands},
	author = {Vujović, Sreten and Petrović, Mina},
	editor = {Stanilov, Kiril},
	month = jan,
	year = {2007},
	keywords = {Human Geography, Landscape/Regional and Urban Planning, political actors, post-socialist city, Regional and Cultural Studies, urbanism, urban planners},
	pages = {361--383},
	file = {Snapshot:C\:\\Users\\anturija\\AppData\\Roaming\\Zotero\\Zotero\\Profiles\\9mpfrzht.default\\zotero\\storage\\ZMF4PM9X\\10.html:text/html}
}

@book{stanek_urban_2014,
	title = {Urban {Revolution} {Now}: {Henri} {Lefebvre} in {Social} {Research} and {Architecture}},
	isbn = {978-1-4724-0271-4},
	shorttitle = {Urban {Revolution} {Now}},
	abstract = {When Henri Lefebvre published The Urban Revolution in 1970, he sketched a research itinerary on the emerging tendency towards planetary urbanization. Today, when this tendency has become reality, Lefebvre’s ideas on everyday life, production of space, rhythmanalysis and the right to the city are indispensable for the understanding of urbanization processes at every scale of social practice. This volume is the first to develop Lefebvre’s concepts in social research and architecture by focusing on urban conjunctures in Barcelona, Belgrade, Berlin, Budapest, Copenhagen, Dhaka, Hong Kong, London, New Orleans, Nowa Huta, Paris, Toronto, São Paulo, Sarajevo, as well as in Mexico and Switzerland. With contributions by historians and theorists of architecture and urbanism, geographers, sociologists, political and cultural scientists, Urban Revolution Now reveals the multiplicity of processes of urbanization and the variety of their patterns and actors around the globe.},
	language = {en},
	publisher = {Ashgate Publishing, Ltd.},
	author = {Stanek, Łukasz and Schmid, Christian and Moravánszky, Ákos},
	month = dec,
	year = {2014},
	keywords = {Architecture / Criticism, Architecture / Reference, Social Science / Human Geography, Social Science / Sociology / Urban}
}

@article{bajec_rational_2009,
	title = {Rational or collaborative model of urban planning in {Serbia}: institutional limitations},
	shorttitle = {Rational or collaborative model of urban planning in {Serbia}},
	url = {http://saj.rs/uploads/2%202009%20clanci/NLazarevicBajec.pdf},
	urldate = {2013-09-16},
	journal = {Serbian Architectural Journal},
	author = {Bajec, Nada Lazarević},
	year = {2009},
	keywords = {collaborative planning, rational planning},
	pages = {81--106}
}

@article{hirt_belgrade_2009,
	title = {Belgrade, {Serbia}},
	volume = {26},
	issn = {02642751},
	url = {http://linkinghub.elsevier.com/retrieve/pii/S0264275109000468},
	doi = {10.1016/j.cities.2009.04.001},
	number = {5},
	urldate = {2013-09-17},
	journal = {Cities},
	author = {Hirt, Sonia},
	month = oct,
	year = {2009},
	pages = {293--303}
}

@incollection{bolay_instrumental_2014,
	address = {Cham},
	title = {Instrumental {Participation} in {Serbia}: {Online} {Platform} for the {Dialogue} about {Public} {Spaces}, {Their} {Availability} and {Public} {Usage}},
	isbn = {978-3-319-00638-3 978-3-319-00639-0},
	shorttitle = {Instrumental {Participation} in {Serbia}},
	url = {http://link.springer.com/10.1007/978-3-319-00639-0_14},
	urldate = {2013-09-27},
	booktitle = {Technologies for {Sustainable} {Development}},
	publisher = {Springer International Publishing},
	author = {Cvetinović, Marija and Veselinović, Dobrica},
	editor = {Bolay, Jean-Claude and Hostettler, Silvia and Hazboun, Eileen},
	year = {2014},
	pages = {159--170}
}

@article{nedovicbudic_waves_2006,
	title = {Waves of planning: a framework for studying the evolution of planning systems and empirical insights from {Serbia} and {Montenegro}},
	volume = {21},
	issn = {0266-5433, 1466-4518},
	shorttitle = {Waves of planning},
	url = {http://www.tandfonline.com/doi/abs/10.1080/02665430600892146},
	doi = {10.1080/02665430600892146},
	language = {en},
	number = {4},
	urldate = {2014-04-29},
	journal = {Planning Perspectives},
	author = {Nedović‐Budić, Zorica and Cavrić, Branko},
	month = oct,
	year = {2006},
	pages = {393--425}
}

@incollection{sykora_transitional_1999,
	address = {London},
	title = {Transitional states of {East} {Central} {Europe}},
	booktitle = {Regional {Policy} and {Planning} in {Europe}},
	publisher = {Routledge},
	author = {Sykora, L.},
	editor = {Balchin, P. and Sykola, L. and Bull, G.},
	year = {1999},
	pages = {161--192}
}

@article{nedovic-budic_mornings_2011,
	title = {The {Mornings} after…{Serbian} {Spatial} {Planning} {Legislation} in {Context}},
	volume = {19},
	issn = {0965-4313, 1469-5944},
	url = {http://www.tandfonline.com/doi/abs/10.1080/09654313.2011.548448},
	doi = {10.1080/09654313.2011.548448},
	language = {en},
	number = {3},
	urldate = {2014-04-29},
	journal = {European Planning Studies},
	author = {Nedović-Budić, Zorica and Djordjević, Dejan and Dabović, Tijana},
	month = mar,
	year = {2011},
	pages = {429--455}
}

@book{vujosevic_regionalizam_2015,
	address = {Beograd},
	title = {Regionalizam u {Srbiji} 2},
	language = {serbian},
	author = {Vujosevic, MIODRAG and Zekovic, SLAVKA and Maricic, TAMARA},
	year = {2015},
	keywords = {Central and Eastern Europe CEE, institutional framework, metropolitan governance, post-socialist transformation, Regional planning, urban governance}
}

@inproceedings{vujosevic_conundrum_2012,
	address = {Ankara},
	title = {{THE} {CONUNDRUM} {OF} {A} {STATE} {SPATIAL} {PLAN} {IMPLEMENTATION}: {THE} {SPATIAL} {PLAN} {OF} {THE} {REPUBLIC} {OF} {SERBIA} (2010)},
	shorttitle = {{THE} {CONUNDRUM} {OF} {A} {STATE} {SPATIAL} {PLAN} {IMPLEMENTATION}},
	url = {http://www.arber.com.tr/aesop2012.org/arkakapi/cache/absfilAbstractSubmissionFullContent835.doc},
	language = {English},
	urldate = {2015-01-28},
	author = {Vujošević, Miodrag and Maricic, TAMARA},
	year = {2012}
}

@article{estrin_yugoslavia:_1991,
	title = {Yugoslavia: {The} case of self-managing market socialism},
	shorttitle = {Yugoslavia},
	url = {http://www.jstor.org/stable/1942875},
	urldate = {2015-03-20},
	journal = {The Journal of Economic Perspectives},
	author = {Estrin, Saul},
	year = {1991},
	keywords = {market socialism, self-managed socialism},
	pages = {187--194}
}

@article{zekovic_spatial_2015,
	title = {Spatial regularization, planning instruments and urban land market in a post-socialist society: {The} case of {Belgrade}},
	volume = {48},
	issn = {01973975},
	shorttitle = {Spatial regularization, planning instruments and urban land market in a post-socialist society},
	url = {http://linkinghub.elsevier.com/retrieve/pii/S0197397515000491},
	doi = {10.1016/j.habitatint.2015.03.010},
	language = {en},
	urldate = {2015-04-15},
	journal = {Habitat International},
	author = {Zeković, Slavka and Vujošević, Miodrag and Maričić, Tamara},
	month = aug,
	year = {2015},
	keywords = {Belgrade, post-socialist transformation, Serbia, urban sprawl},
	pages = {65--78}
}

@inproceedings{vujosevic_socio-economic_2015,
	address = {Belgrade, Serbia},
	title = {Socio-economic and political context in {Serbia} and its impact on the {Project} ‘’{Belgrade} {Waterfront}’’},
	language = {english},
	author = {Vujosevic, Miodrag},
	year = {2015}
}

@book{world_bank_cities_2000,
	address = {Washington, D.C},
	title = {Cities in transition: {World} {Bank} urban and local government strategy},
	isbn = {978-0-8213-4591-7},
	shorttitle = {Cities in transition},
	publisher = {World Bank},
	editor = {{World Bank}},
	year = {2000},
	keywords = {City planning, Developing countries, Finance, urban development, Urban economics, urbanization, World Bank}
}

@inproceedings{stupar_aleksandra_recreating_2004,
	title = {({Re})creating the {Urban} {Identity}: {The} {Belgrade} {Metropolitan} {Region}  at the {Crossroads} of the {European} {Integration} {Flows}},
	language = {English},
	author = {{Stupar Aleksandra}},
	year = {2004}
}

@article{peric_evolution_2016,
	title = {The evolution of planning thought in {Serbia}: {Can} planning be ‘resilient’to the transitional challenges?},
	volume = {17},
	shorttitle = {The evolution of planning thought in {Serbia}},
	url = {http://ojs-lib.tudelft.nl/index.php/iphs/article/view/1345},
	number = {7},
	urldate = {2016-10-17},
	journal = {International Planning History Society Proceedings},
	author = {Peric, Ana},
	year = {2016},
	keywords = {post-communist, Serbia, Urban Planning},
	pages = {181--194}
}

@incollection{doytchinov_urban_2015,
	address = {Graz},
	title = {Urban regeneration tools (city branding) in {Belgrade} after the democratic change in 2000 – social frame},
	isbn = {978-3-85125-398-6 978-3-85125-399-3},
	language = {eng},
	booktitle = {Belgrade 1714-2014: {Utopianism} and urbicide},
	publisher = {Verl. der Techn. Univ. Graz},
	author = {Vanista Lazarevic, Eva},
	editor = {Doytchinov, Grigor and Đukić, Aleksandra and Ionită, Cǎtălina},
	year = {2015},
	note = {OCLC: 915675993},
	keywords = {Aufsatzsammlung, Belgrad, Bukarest, Sofia, Stadtplanung}
}

@article{vujosevic_post-socialist_2012,
	title = {Post-{Socialist} {Transition} in {Serbia} and {Its} {Unsustainable} {Path}},
	volume = {20},
	issn = {0965-4313, 1469-5944},
	url = {http://www.tandfonline.com/doi/abs/10.1080/09654313.2012.713330},
	doi = {10.1080/09654313.2012.713330},
	language = {en},
	number = {10},
	urldate = {2016-10-17},
	journal = {European Planning Studies},
	author = {Vujošević, Miodrag and Zeković, Slavka and Maričić, Tamara},
	month = oct,
	year = {2012},
	pages = {1707--1727}
}

@article{trkulja_serbian_2012,
	title = {Serbian {Spatial} {Planning} among {Styles} of {Spatial} {Planning} in {Europe}},
	volume = {20},
	issn = {0965-4313, 1469-5944},
	url = {http://www.tandfonline.com/doi/abs/10.1080/09654313.2012.713327},
	doi = {10.1080/09654313.2012.713327},
	language = {en},
	number = {10},
	urldate = {2016-10-17},
	journal = {European Planning Studies},
	author = {Trkulja, Siniša and TošiĆ, Branka and Živanović, Zora},
	month = oct,
	year = {2012},
	pages = {1729--1746}
}

@article{stambolieva_welfare_2013,
	title = {Welfare and {Democratization} - {Comparing} {Croatia}, {Serbia} and {Macedonia}},
	volume = {47},
	issn = {01445596},
	url = {http://doi.wiley.com/10.1111/spol.12012},
	doi = {10.1111/spol.12012},
	language = {en},
	number = {2},
	urldate = {2016-10-17},
	journal = {Social Policy \& Administration},
	author = {Stambolieva, Marija},
	month = apr,
	year = {2013},
	pages = {142--160}
}

@article{savic_where_2014,
	title = {Where is {Serbia}? {Traditions} of {Spatial} {Identity} and {State} {Positioning} in {Serbian} {Geopolitical} {Culture}},
	volume = {19},
	issn = {1465-0045, 1557-3028},
	shorttitle = {Where is {Serbia}?},
	url = {http://www.tandfonline.com/doi/abs/10.1080/14650045.2014.915808},
	doi = {10.1080/14650045.2014.915808},
	language = {en},
	number = {3},
	urldate = {2016-10-17},
	journal = {Geopolitics},
	author = {Savić, Bojan},
	month = jul,
	year = {2014},
	pages = {684--718}
}

@inproceedings{dubravka_stojanovic_kontroverze_2015,
	address = {Belgrade, Serbia},
	title = {Kontroverze urbanizacije {Beograda} (1885-1914)},
	language = {serbian},
	booktitle = {Osmansog grada do {Beograda} na vodi: kriticka istorija vizuelnog preinacavanja javnih prostora {Beograda} (19.-21. vek)},
	publisher = {Centar za vizuelnu kulturu Balkana; Odeljenje za istoriju umetnosti Filozofskog fakulteta},
	author = {{Dubravka Stojanovic}},
	month = jun,
	year = {2015}
}

@book{dubravka_stojanovic_ulje_2010,
	title = {Ulje na vodi - ogledi iz istorije sadasnje {Srbije}},
	isbn = {978-86-86391-19-3},
	language = {serbian},
	publisher = {Pescanik},
	author = {{Dubravka Stojanovic}},
	year = {2010}
}

@article{blagojevic_urban_2009,
	title = {Urban regulation of {Belgrade}, 1867: trace vs. treasure},
	volume = {1},
	shorttitle = {{urbAn} {regulAriSAtion} of {belgrAde}, 1867},
	number = {1},
	journal = {Serbian Architectural Journal},
	author = {Blagojević, Ljiljana},
	year = {2009},
	pages = {27--44}
}

@book{vukmirovic_city_2013,
	address = {Schwechat-Rannersdorf},
	title = {City {Building} and {Urban} {Failure}: {Why} {Urban} {Development} in {Serbia} {Does} {Not} {Achieve} {Planned}  {Results}},
	isbn = {978-3-9503110-4-4 978-3-9503110-5-1},
	shorttitle = {Planning times you better keep planning or you get in deep water, for the cities they are a-changin ---},
	language = {English},
	publisher = {CORP - Competence Center of Urban and Regional Planning = Kompetenzzentrum für Stadtplanung und Regionalentwicklung},
	author = {Vukmirovic, Milena and Milankovic, Mira and Samardzic, Nikola},
	editor = {Schrenk, Manfred},
	year = {2013},
	note = {OCLC: 875391244}
}

@book{krstic_planerski_1972,
	address = {Belgrade, Serbia},
	title = {Planerski atlas prostornog uredjenja {Jugoslavije}  [{Spatial} {Planning} {Atlas} of {Yugosloslavia}]},
	language = {serbian},
	publisher = {Jugoslovenski institut za urbanizam i stanovanje – JUGINUS (Yugoslav Institute for Urbanism and Housing},
	author = {Krstic, Branislav and Bojovic, Branko},
	year = {1972}
}

@article{zec_economic_2012,
	title = {The economic model of socialist {Yugoslavia}: {The} saga of self-destruction},
	volume = {54},
	issn = {0038-0318},
	shorttitle = {The economic model of socialist {Yugoslavia}},
	url = {http://www.doiserbia.nb.rs/Article.aspx?ID=0038-03181204695Z},
	doi = {10.2298/SOC1204695Z},
	language = {en},
	number = {4},
	urldate = {2016-10-28},
	journal = {Sociologija},
	author = {Zec, Miodrag and Radonjic, Ognjen},
	year = {2012},
	pages = {695--720}
}

@book{vujosevic_postsocijalisticka_2010,
	address = {Beograd},
	title = {Postsocijalisticka {Tranzicija} u {Srbiji} i {Teritorijalni} {Kapital} {Srbije}. {Stanje}, neki buduci izgledi i predvidljivi scenariji},
	isbn = {978-86-80329-64-2},
	shorttitle = {Postsocijalisticka {Tranzicija} u {Srbiji} i {Teritorijalni} {Kapital} {Srbije}.},
	language = {serbian},
	publisher = {Institut za Arhitekturu i Urbanizam Srbije},
	author = {Vujosevic, Miodrag and Zekovic, Slavka and Maricic, Tamara},
	year = {2010}
}

@inproceedings{grozdanic_belgrade_2008,
	address = {Dalian, China},
	title = {Belgrade - {European} {Metropolis}, ransformations through {Space}  and {Time}},
	language = {English},
	author = {Grozdanic, Milica},
	year = {2008}
}

@incollection{vujosevic_planning_2006,
	address = {Heidelberg},
	title = {Planning and societal context – {The} case of  {Belgrade}, {Serbia}},
	language = {English},
	booktitle = {The {Urban} {Mosaic} of {Post}-{Socialist} {Europe}: {Space}, {Institutions} and {Policy}},
	publisher = {Physica-Verlag HD},
	author = {Vujosevic, Miodrag and Nedović-Budić, Zorica},
	editor = {Tsenkova, Sasha and Nedović‐Budić, Zorica},
	year = {2006}
}

@article{zekovic_planning_2015,
	title = {Planning and land policy tools for limiting urban sprawl: {The} example of {Belgrade}},
	issn = {1450-569X, 2217-8066},
	shorttitle = {Planning and land policy tools for limiting urban sprawl},
	url = {http://www.doiserbia.nb.rs/Article.aspx?ID=1450-569X1533069Z},
	doi = {10.2298/SPAT1533069Z},
	language = {en},
	number = {33},
	urldate = {2016-11-01},
	journal = {Spatium},
	author = {Zekovic, Slavka and Vujosevic, Miodrag and Bolay, Jean-Claude and Cvetinovic, Marija and Miljkovic, Zivanovic and Maricic, Tamara},
	year = {2015},
	pages = {69--75}
}

@incollection{dawson_yugoslavia_1987,
	address = {New York},
	title = {Yugoslavia},
	booktitle = {Planning in {Eastern} {Europe}},
	publisher = {St. Martin's Press},
	author = {Dawson, A. H.},
	editor = {Dawson, A.},
	year = {1987},
	pages = {275--291}
}

@article{mouffe_which_2002,
	title = {Which {Public} {Sphere} for a {Democratic} {Society}?},
	volume = {49},
	url = {http://philpapers.org/rec/MOUWPS},
	number = {99},
	journal = {Theoria},
	author = {Mouffe, Chantal},
	year = {2002},
	keywords = {adversary, consumer culture, democracy, Folder - tactical urban transformations, Globalization, neoliberalism},
	pages = {55--65},
	file = {Attachment:C\:\\Users\\anturija\\AppData\\Roaming\\Zotero\\Zotero\\Profiles\\9mpfrzht.default\\zotero\\storage\\3UTV4BU7\\MOUWPS.html:text/html;Attachment:C\:\\Users\\anturija\\AppData\\Roaming\\Zotero\\Zotero\\Profiles\\9mpfrzht.default\\zotero\\storage\\JKPAUURI\\Mouffe - 2002 - Which Public Sphere for a Democratic Society.pdf:application/pdf}
}

@incollection{tsenkova_beyond_2006,
	title = {Beyond transition: {Understanding} urban change in post-socialist cities},
	booktitle = {The {Urban} {Mosaic} of {Post}-{Socialist} {Europe}2},
	author = {Tsenkova, Sasha},
	year = {2006}
}

@book{doytchinov_planning_2015,
	address = {Graz},
	title = {Planning capital cities: {Belgrade}, {Bucharest}, {Sofia}},
	isbn = {978-3-85125-398-6 978-3-85125-399-3},
	shorttitle = {Planning capital cities},
	language = {eng},
	publisher = {Verl. der Techn. Univ. Graz},
	editor = {Doytchinov, Grigor and Đukić, Aleksandra and Ionită, Cǎtălina},
	year = {2015},
	note = {OCLC: 915675993},
	keywords = {Aufsatzsammlung, Belgrad, Bukarest, Sofia, Stadtplanung}
}

@incollection{doytchinov_belgrade_2015,
	address = {Graz},
	title = {Belgrade 1714-2014: {Utopianism} and urbicide},
	isbn = {978-3-85125-398-6 978-3-85125-399-3},
	language = {eng},
	booktitle = {Planning capital cities: {Belgrade}, {Bucharest}, {Sofia}},
	publisher = {Verl. der Techn. Univ. Graz},
	author = {Samardzic, Nikola},
	editor = {Doytchinov, Grigor and Đukić, Aleksandra and Ionită, Cǎtălina},
	year = {2015},
	note = {OCLC: 915675993},
	keywords = {Aufsatzsammlung, Belgrad, Bukarest, Sofia, Stadtplanung}
}

@incollection{doytchinov_modernization_2015,
	address = {Graz},
	title = {The modernization and urban transformation of {Belgrade} in the 19th  and early 20th  century},
	isbn = {978-3-85125-398-6 978-3-85125-399-3},
	language = {eng},
	booktitle = {Planning capital cities: {Belgrade}, {Bucharest}, {Sofia}},
	publisher = {Verl. der Techn. Univ. Graz},
	author = {Roter Blagojevic, Mirjana},
	editor = {Doytchinov, Grigor and Đukić, Aleksandra and Ionită, Cǎtălina},
	year = {2015},
	note = {OCLC: 915675993},
	keywords = {Aufsatzsammlung, Belgrad, Bukarest, Sofia, Stadtplanung}
}

@incollection{kovac_foreign_1995,
	title = {Foreign {Economic} {Relations}},
	booktitle = {Beyond {Yugoslavia} : {Politics}, {Economics}, and {Culture} in a {Shattered} {Community}},
	publisher = {Boulder : Westview Press},
	author = {Kovać, Oscar},
	editor = {Adamovich, Ljubiša S. and Ramet, Sabrina Petra},
	year = {1995}
}

@article{liotta_paradigm_2001,
	title = {Paradigm lost: {Yugoslav} self-management and the economics of disaster},
	volume = {5},
	shorttitle = {Paradigm lost},
	url = {https://balkanologie.revues.org/681},
	number = {1-2},
	urldate = {2017-02-06},
	journal = {Balkanologie. Revue d'études pluridisciplinaires},
	author = {Liotta, P. H.},
	year = {2001}
}

@misc{corovic_istorija_1997,
	title = {Istorija srpskog naroda},
	url = {https://www.rastko.rs/rastko-bl/istorija/corovic/istorija/index_l.html},
	language = {serbian},
	urldate = {2017-02-06},
	author = {Corovic, Vladimir},
	year = {1997},
	file = {Vladimir Corovic\: Istorija srpskog naroda:C\:\\Users\\anturija\\AppData\\Roaming\\Zotero\\Zotero\\Profiles\\9mpfrzht.default\\zotero\\storage\\M83EQW79\\index_l.html:text/html}
}