
@techreport{mikser_festival_mikser_2012,
	address = {Belgrade},
	title = {Mikser {Festival}},
	url = {http://mikser.rs/},
	language = {English},
	institution = {Mikser},
	author = {{Mikser Festival}},
	year = {2012}
}

@misc{urbanisticki_zavod_beograda_program_2008,
	title = {Program za urbanisticki plan prostora {Savskog} amfiteatra prva faza: {Analiza} razvojnih mogucnosti podrucja {Savskog} amfiteatra - potencijali i ogranicenja {I}},
	language = {serbian},
	publisher = {Urbanisticki zavod Beograda},
	author = {{Urbanisticki zavod Beograda}},
	year = {2008}
}

@techreport{pravni_skener_alternativni_2016,
	title = {Alternativni izvestaj o sprovodjenju {Nacionalne} strategije za borbu protiv korupcije 2013-2018. godine i {Akcionog} plana},
	language = {serbian},
	author = {{Pravni skener}},
	month = jan,
	year = {2016}
}

@misc{_program_2008,
	title = {Program za urbanisticki plan prostora {Savskog} amfiteatra prva faza: {Analiza} razvojnih mogucnosti podrucja {Savskog} amfiteatra - potencijali i ogranicenja {II}},
	shorttitle = {Program za urbanisticki plan prostora {Savskog} amfiteatra {I} faza},
	language = {serbian},
	publisher = {Urbanisticki zavod Beograda},
	year = {2008}
}

@misc{ministarstvo_prostora_urbani_2014,
	title = {Urbani razvoj u {Srbiji} – jačanje uloge građana kao brane javnog interesa},
	language = {serbian},
	author = {Ministarstvo prostora},
	year = {2014}
}

@misc{inicijativa_ne_davimo_beograd_analiza_2016,
	title = {Analiza ugovora "{Beograd} na vodi"},
	language = {serbian},
	publisher = {Inicijativa "Ne da(vi)mo Beograd"},
	author = {{Inicijativa "Ne da(vi)mo Beograd"}},
	year = {2016},
	keywords = {Belgrade waterfront}
}