
@misc{_joint_2015,
	title = {Joint {Venture} {Agreement}},
	language = {English},
	year = {2015}
}

@misc{_strategija_2014,
	title = {Strategija {Reforme} {Javne} {Uprave} u {Republici} {Srbiji}},
	year = {2014}
}

@misc{_zakon_2007,
	title = {Zakon o {Glavnom} {Gradu}},
	year = {2007}
}