
@misc{british_council_creativity_2014,
	title = {Creativity and the {City}: {Chances} and {Challenges} for {Vietnam} {\textbar} {British} {Council}},
	shorttitle = {Creativity and the {City}},
	url = {https://www.britishcouncil.vn/en/events/workshop-creativity-and-the-city-chances-and-challenges-for-vietnam},
	abstract = {International experts will present creative hubs from cities in the UK, Germany, Europe and Asia.},
	urldate = {2016-11-29},
	author = {British Council},
	month = jan,
	year = {2014},
	file = {Snapshot:C\:\\Users\\Darko\\AppData\\Roaming\\Zotero\\Zotero\\Profiles\\1gmpa49s.default\\zotero\\storage\\3UDNW2QG\\workshop-creativity-and-the-city-chances-and-challenges-for-vietnam.html:text/html}
}

@misc{lanz_cities_2012,
	title = {Cities {Discover} {New} {Development}},
	url = {https://www.goethe.de/en/kul/arc/20363051.html},
	abstract = {Metropolises are coming up against competitive pressure in these times of advancing globalisation. Above all, those cities perceived as being creative have the advantage here. With the development of new creative quarters, cities assure themselves crucial impulses for their future viability.},
	urldate = {2016-11-29},
	journal = {@GI\_weltweit},
	author = {Lanz, Markus},
	year = {2012},
	file = {Snapshot:C\:\\Users\\Darko\\AppData\\Roaming\\Zotero\\Zotero\\Profiles\\1gmpa49s.default\\zotero\\storage\\IEIV47XG\\20363051.html:text/html}
}

@misc{_liverpool_????,
	title = {From {Liverpool} to {Hanoi}: {Creative} {Spaces}},
	shorttitle = {From {Liverpool} to {Hanoi}},
	url = {/blog/14/10/05/creative-space-city/},
	abstract = {From Liverpool to Hanoi, via Hamburg, Manila, Surabaya and Kuala Lumpur - the Creativity and the City conference shared stories about the highs and lows of establishing and running creative spaces.},
	urldate = {2016-11-29},
	journal = {British Council {\textbar} Creative Economy},
	file = {Snapshot:C\:\\Users\\Darko\\AppData\\Roaming\\Zotero\\Zotero\\Profiles\\1gmpa49s.default\\zotero\\storage\\AQGEC55F\\creative-space-city.html:text/html}
}

@misc{nikolic_medijska_2015,
	title = {Medijska promocija {Beograda} na vodi: {Servilnost} i propaganda umesto pitanja},
	shorttitle = {Medijska promocija {Beograda} na vodi},
	url = {https://www.cenzolovka.rs/misljenja/medijska-promocija-beograda-na-vodi-servilnost-i-propaganda-umesto-pitanja/},
	abstract = {Javni servis i dobar deo velikih medijskih kuća postali su deo propagandne mašinerije Vlade oko projekta koji su stručnjaci žestoko kritikovali. Protivnici ili nemaju pristup medijima, ili dobijaju neuporedivo manje prostora od zvaničnika Dok je u četvrtak u Skupštini Srbije trajalo finale rasprave o specijalnom zakonu kojim se „Beograd na vodi“ (BNV), mimo važećeg Zakona…Read more →},
	urldate = {2017-01-30},
	journal = {Cenzolovka},
	author = {Nikolic, B., Zoran},
	month = apr,
	year = {2015},
	file = {Snapshot:C\:\\Users\\Darko\\AppData\\Roaming\\Zotero\\Zotero\\Profiles\\1gmpa49s.default\\zotero\\storage\\F4E8BVFQ\\medijska-promocija-beograda-na-vodi-servilnost-i-propaganda-umesto-pitanja.html:text/html}
}

@article{coldwell_10_2016,
	chapter = {Travel},
	title = {10 of the best industrial-chic spaces worldwide},
	issn = {0261-3077},
	url = {https://www.theguardian.com/travel/2016/mar/07/top-10-industrial-chic-restaurants-exhibition-spaces-architecture?CMP=share_btn_tw},
	abstract = {At these cool conceptual spaces, the design is just as compelling as what’s on offer at the shopping, exhibition, dining and drinking venues},
	language = {en-GB},
	urldate = {2017-01-19},
	journal = {The Guardian},
	author = {Coldwell, Will},
	month = mar,
	year = {2016},
	keywords = {Architecture, Art and design, Bars and clubs, City breaks, Cultural trips, Restaurants, Top 10s, Travel},
	file = {Guardian Snapshot:C\:\\Users\\Darko\\AppData\\Roaming\\Zotero\\Zotero\\Profiles\\1gmpa49s.default\\zotero\\storage\\KC4NZXUA\\top-10-industrial-chic-restaurants-exhibition-spaces-architecture.html:text/html}
}

@misc{b92_savamala_2015,
	title = {Savamala među 12 najboljih kvartova u {Evropi}},
	url = {http://www.b92.net/putovanja/vesti.php?yyyy=2015&mm=06&dd=18&nav_id=1005692},
	abstract = {Prestižni američki magazin \&quot;Bussines Insider\&ldquo; svrstao je Savamalu u 12 najboljih i najuzbudljivijih kvartova u Evropi, istakavši pritom Festival Mikser kao glavnog \&quot;krivca\&quot; za urbanu i kulturnu transformaciju beogradskog kvarta.},
	language = {serbian},
	urldate = {2017-01-31},
	journal = {B92.net},
	author = {{B92}},
	month = jun,
	year = {2015},
	file = {Snapshot:C\:\\Users\\Darko\\AppData\\Roaming\\Zotero\\Zotero\\Profiles\\1gmpa49s.default\\zotero\\storage\\4KTKCH33\\vesti.html:text/html}
}

@misc{waibel_creativity_2014,
	address = {Vietnam},
	title = {Creativity and the {City}  {Opportunities} and {Challenges} for {Vietnam}},
	language = {English},
	author = {Waibel, Michael},
	year = {2014},
	keywords = {creative cities, creativity, Goethe Institute}
}

@misc{_urban_????,
	title = {Urban {Places} - {Public} spaces},
	url = {http://www.goethe.de/ges/prj/urp/enindex.htm},
	urldate = {2016-11-29},
	journal = {Goethe-Institut},
	keywords = {city, creativity, Culture, public spaces, urban},
	file = {Urban Places - Public spaces -  - Goethe-Institut:C\:\\Users\\Darko\\AppData\\Roaming\\Zotero\\Zotero\\Profiles\\1gmpa49s.default\\zotero\\storage\\FCGP37K7\\enindex.html:text/html}
}

@techreport{_mikser_2012,
	address = {Belgrade},
	title = {Mikser {Festival}},
	url = {http://mikser.rs/},
	language = {English},
	institution = {Mikser},
	year = {2012}
}

@misc{petovar_princip_2014,
	title = {Princip proizvoljnosti i neautonomna profesija – okvir urbanog razvoja {Beograda} i pristup planiranju projekta ’’’{Beograd} na vodi’’},
	shorttitle = {Princip proizvoljnosti i neautonomna profesija},
	url = {http://www.czkd.org/princip-proizvoljnosti-i-neautonomna-profesija-okvir-urbanog-razvoja-beograda-i-pristup-planiranju-projekta-beograd-na-vodi/},
	abstract = {Princip proizvoljnosti i neautonomna profesija – okvir urbanog razvoja Beograda i pristup planiranju projekta ’’’Beograd na vodi’’  CKZD 23. oktobar 2014   Dr Ksenija Petovar, sociolog Profesor (u penziji) Arhitektonskog i Geografskog fakulteta Univerziteta u Beogradu   Princip proizvoljnosti i neautonomna profesija– okvir urbanog razvoja Beograda i pristup planiranju projekta...},
	language = {serbian},
	urldate = {2015-07-09},
	journal = {CZKd},
	author = {Petovar, Ksenija},
	month = oct,
	year = {2014},
	file = {Snapshot:C\:\\Users\\Darko\\AppData\\Roaming\\Zotero\\Zotero\\Profiles\\1gmpa49s.default\\zotero\\storage\\K7PQDKQU\\princip-proizvoljnosti-i-neautonomna-profesija-okvir-urbanog-razvoja-beograda-i-pristup-planira.html:text/html}
}

@article{politika_zemljiste_2015,
	address = {Belgrade, Serbia},
	title = {Zemljiste za "{Beograd} na vodi" ide pod zakup},
	language = {serbian},
	journal = {Politika},
	author = {{Politika}},
	month = mar,
	year = {2015}
}

@misc{architecture_-_goethe-institut_architecture_2016,
	title = {Architecture - {Goethe}-{Institut}},
	url = {https://www.goethe.de/en/kul/arc.html#Urbandevelopment},
	urldate = {2016-11-29},
	author = {{Architecture - Goethe-Institut}},
	year = {2016},
	file = {Architecture - Goethe-Institut:C\:\\Users\\Darko\\AppData\\Roaming\\Zotero\\Zotero\\Profiles\\1gmpa49s.default\\zotero\\storage\\354ABRH3\\arc.html:text/html}
}

@misc{_savamala_2015,
	title = {Savamala među 12 najboljih kvartova u {Evropi}},
	url = {http://www.b92.net/putovanja/vesti.php?yyyy=2015&mm=06&dd=18&nav_id=1005692},
	abstract = {Prestižni američki magazin \&quot;Bussines Insider\&ldquo; svrstao je Savamalu u 12 najboljih i najuzbudljivijih kvartova u Evropi, istakavši pritom Festival Mikser kao glavnog \&quot;krivca\&quot; za urbanu i kulturnu transformaciju beogradskog kvarta.},
	language = {Serbian},
	urldate = {2017-02-14},
	journal = {B92.net},
	month = jun,
	year = {2015},
	file = {Snapshot:C\:\\Users\\Darko\\AppData\\Roaming\\Zotero\\Zotero\\Profiles\\1gmpa49s.default\\zotero\\storage\\AABIQIFH\\vesti.html:text/html}
}

@misc{n1_princ_2016,
	title = {Princ {Carls} upoznao konkurenciju u proizvodnji dzema},
	url = {http://rs.n1info.com/a143635/Biznis/Princ-Carls-obisao-biznis-dizajn-inkubator-Nova-Iskra.html},
	abstract = {Jedan od brojnih susreta na gustoj agendi posete princa Čarlsa Beogradu je i onaj na kojem je razgovarao sa mladim privrednicima prestonice. Naime, britanski prestolonaslednik deo popodneva proveo je u poslovnom inkubatoru "Nova iskra", gde je mladim profesionalcima, ali i ministru prosvete delio savete.},
	urldate = {2017-02-14},
	journal = {N1 Srbija},
	author = {N1},
	month = mar,
	year = {2016},
	file = {Snapshot:C\:\\Users\\Darko\\AppData\\Roaming\\Zotero\\Zotero\\Profiles\\1gmpa49s.default\\zotero\\storage\\GCBURRNH\\Princ-Carls-obisao-biznis-dizajn-inkubator-Nova-Iskra.html:text/html}
}

@misc{mikser_house_guardian:_2016,
	title = {The {Guardian}: {Mikser} {House} is one of the 10 best industrial-chic spaces worldwide},
	url = {http://house.mikser.rs/en/guardian-mikser-house-one-10-best-industrial-chic-spaces-worldwide/},
	abstract = {Mikser House, as the most prominent art center in Belgrade that happens to be housed in a former steel factory…},
	language = {english},
	urldate = {2017-02-14},
	journal = {Mikser House},
	author = {{Mikser House}},
	month = mar,
	year = {2016},
	file = {Snapshot:C\:\\Users\\Darko\\AppData\\Roaming\\Zotero\\Zotero\\Profiles\\1gmpa49s.default\\zotero\\storage\\WDIMBVZQ\\guardian-mikser-house-one-10-best-industrial-chic-spaces-worldwide.html:text/html}
}

@misc{monocle_are_2016,
	title = {Are the arts responsible for gentrification?, {Culture} with {Robert} {Bound} 259 - {Radio}},
	shorttitle = {Are the arts responsible for gentrification?},
	url = {https://monocle.com/radio/shows/culture-with-robert-bound/259/},
	abstract = {Monocle provides a globalist perspective on international affairs, business, culture, design and fashion.},
	language = {en},
	urldate = {2017-02-14},
	journal = {Monocle},
	author = {Monocle, B92},
	month = sep,
	year = {2016},
	file = {Snapshot:C\:\\Users\\Darko\\AppData\\Roaming\\Zotero\\Zotero\\Profiles\\1gmpa49s.default\\zotero\\storage\\MZ2NTVZB\\259.html:text/html}
}