
@misc{_odgovor_2014,
	title = {Odgovor {Udruzenju} {Arhitekata} {Srbije} na primedbe na {Nacrt} izmena i dopuna {Generalnog} {Plana} {Beograda} 2021},
	shorttitle = {Odgovor {UAS} na primedbe izmena i dopuna {Beograd} {GP} 2021},
	language = {serbian},
	publisher = {Sekretarijat za urbanizam i gradjevinske poslove Beograda},
	month = jan,
	year = {2014},
	keywords = {GP 2021}
}

@incollection{krusche_gentrification_2015,
	address = {Berlin},
	title = {Gentrification {Research}: {A} brief introduction},
	isbn = {978-3-86859-359-4},
	abstract = {This publication sheds new light on how renewal of cities can take place without gentrifying them, and how art can initiate such processes, looking at the Savamala district of Belgrade. Local architects and artists present projects designed to contribute to the development of the district.},
	language = {English},
	booktitle = {Bureau {Savamala} {Belgrade}: {Urban} {Research} and {Practice} in a {Fast}-{Changing} {Neighborhood}},
	publisher = {Jovis},
	author = {Klaus, Philipp},
	editor = {Krusche, Jürgen and Klaus, Philipp},
	month = nov,
	year = {2015}
}

@misc{_integrated_2012,
	title = {Integrated {Urban} {Development} {Plan} {Savamala} and {Think} {Tank} "{Cooperative} {Urban} {Design} {Competition}"},
	shorttitle = {Integrated {UDP} {Savamala}},
	language = {english},
	publisher = {Urbanisticki zavod Beograda},
	year = {2012}
}

@misc{akademija_arhitekture_srbije_deklaracija_2015,
	title = {Deklaracija o "{Beogradu} na vodi"},
	language = {serbian},
	author = {{Akademija Arhitekture Srbije}},
	month = may,
	year = {2015}
}

@article{lee_yaniya_model_2013,
	title = {A model for {Savamala}},
	language = {english},
	number = {1},
	journal = {Camenzind Belgrade},
	author = {Lee, Yaniya},
	year = {2013},
	pages = {34--39}
}

@techreport{_finansiranje_2013,
	title = {Finansiranje komunalnog opremanja građevinskog zemljišta u lokalnim samoupravama {Hrvatske}, {Slovenije}, {Crne} {Gore}  i {Nemačke} - iskustva  i preporuke za  {Srbiju}},
	language = {serbian},
	institution = {SKGO},
	year = {2013}
}

@misc{lanz_cities_2012,
	title = {Cities {Discover} {New} {Development}},
	url = {https://www.goethe.de/en/kul/arc/20363051.html},
	abstract = {Metropolises are coming up against competitive pressure in these times of advancing globalisation. Above all, those cities perceived as being creative have the advantage here. With the development of new creative quarters, cities assure themselves crucial impulses for their future viability.},
	urldate = {2016-11-29},
	journal = {@GI\_weltweit},
	author = {Lanz, Markus},
	year = {2012},
	file = {Snapshot:C\:\\Users\\Darko\\AppData\\Roaming\\Zotero\\Zotero\\Profiles\\1gmpa49s.default\\zotero\\storage\\IEIV47XG\\20363051.html:text/html}
}

@misc{urbanisticki_zavod_beograda_program_2008,
	title = {Program za urbanisticki plan prostora {Savskog} amfiteatra prva faza: {Analiza} razvojnih mogucnosti podrucja {Savskog} amfiteatra - potencijali i ogranicenja {I}},
	shorttitle = {Analiza razvojnih mogucnosti {Savskog} amfiteatra {I}},
	language = {serbian},
	publisher = {Urbanisticki zavod Beograda},
	author = {{Urbanisticki zavod Beograda}},
	year = {2008}
}

@techreport{pravni_skener_alternativni_2016,
	title = {Alternativni izvestaj o sprovodjenju {Nacionalne} strategije za borbu protiv korupcije 2013-2018. godine i {Akcionog} plana},
	language = {serbian},
	author = {{Pravni skener}},
	month = jan,
	year = {2016}
}

@misc{_program_2008,
	title = {Program za urbanisticki plan prostora {Savskog} amfiteatra prva faza: {Analiza} razvojnih mogucnosti podrucja {Savskog} amfiteatra - potencijali i ogranicenja {II}},
	shorttitle = {Program za urbanisticki plan prostora {Savskog} amfiteatra {I} faza},
	language = {serbian},
	publisher = {Urbanisticki zavod Beograda},
	year = {2008}
}

@misc{ministarstvo_prostora_urbani_2014,
	title = {Urbani razvoj u {Srbiji} – jačanje uloge građana kao brane javnog interesa},
	language = {serbian},
	author = {{Ministarstvo prostora}},
	year = {2014}
}

@misc{waibel_creativity_2014,
	address = {Vietnam},
	title = {Creativity and the {City}  {Opportunities} and {Challenges} for {Vietnam}},
	language = {English},
	author = {Waibel, Michael},
	year = {2014},
	keywords = {creative cities, creativity, Goethe Institute}
}

@techreport{_savamala_2015,
	address = {Rotterdam},
	title = {Savamala the {Game}},
	language = {eng},
	institution = {IAAU BAC},
	year = {2015}
}

@misc{_ne_????,
	type = {Wordpress},
	title = {Ne da(vi)mo {Beograd}},
	url = {https://nedavimobeograd.wordpress.com/},
	abstract = {Inicijativa Ne da(vi)mo Beograd},
	urldate = {2017-01-31},
	file = {Snapshot:C\:\\Users\\Darko\\AppData\\Roaming\\Zotero\\Zotero\\Profiles\\1gmpa49s.default\\zotero\\storage\\DQRN7M8S\\nedavimobeograd.wordpress.com.html:text/html}
}

@misc{_studija_????,
	title = {Studija {SANU}: {Predlozena} resenja za {Savski} amfiteatar},
	url = {Z:\My Documents\phd documents\library\docs\serbia\urban & urban design projects\Studija SANU - Sava amphiteatre - predlozi rešenja},
	language = {serbian}
}

@incollection{krusche_role_2015,
	address = {Berlin},
	title = {The role of art and culture in gentrification and upgrade of the {Savamala} neighbourhood},
	isbn = {978-3-86859-359-4},
	abstract = {This publication sheds new light on how renewal of cities can take place without gentrifying them, and how art can initiate such processes, looking at the Savamala district of Belgrade. Local architects and artists present projects designed to contribute to the development of the district.},
	language = {English},
	booktitle = {Bureau {Savamala} {Belgrade}: {Urban} {Research} and {Practice} in a {Fast}-{Changing} {Neighborhood}},
	publisher = {Jovis},
	author = {Klaus, Philipp},
	editor = {Krusche, Jürgen and Klaus, Philipp},
	month = nov,
	year = {2015}
}

@misc{_urban_????,
	title = {Urban {Places} - {Public} spaces},
	url = {http://www.goethe.de/ges/prj/urp/enindex.htm},
	urldate = {2016-11-29},
	journal = {Goethe-Institut},
	keywords = {city, creativity, Culture, public spaces, urban},
	file = {Urban Places - Public spaces -  - Goethe-Institut:C\:\\Users\\Darko\\AppData\\Roaming\\Zotero\\Zotero\\Profiles\\1gmpa49s.default\\zotero\\storage\\FCGP37K7\\enindex.html:text/html}
}

@misc{_micro_2013,
	title = {Micro factories},
	url = {http://www.goethe.de/ins/cs/bel/prj/uic/prj/mfa/enindex.htm},
	urldate = {2013-07-28},
	year = {2013}
}

@book{krusche_bureau_2015,
	address = {Berlin},
	title = {Bureau {Savamala} {Belgrade}: {Urban} {Research} and {Practice} in a {Fast}-{Changing} {Neighborhood}},
	isbn = {978-3-86859-359-4},
	shorttitle = {Bureau {Savamala} {Belgrade}},
	abstract = {This publication sheds new light on how renewal of cities can take place without gentrifying them, and how art can initiate such processes, looking at the Savamala district of Belgrade. Local architects and artists present projects designed to contribute to the development of the district.},
	language = {English},
	publisher = {Jovis},
	editor = {Krusche, Jürgen and Klaus, Philipp},
	month = nov,
	year = {2015}
}

@misc{_primedbe_2014,
	title = {Primedbe tokom javnog uvida na {PROSTORNI}  {PLAN}  {PODRUČJA}  {POSEBNE} {NAMENE}  {UREĐENjA}  {DELA}  {PRIOBALjA}  {GRADA}  {BEOGRADA}  –  {PODRUČJE} {PRIOBALjA} {REKE} {SAVE} {ZA} {PROJEKAT} “{BEOGRAD} {NA} {VODI}“},
	shorttitle = {Primedbe na {PPPPN} {Belgrad} na vodi},
	language = {serbian},
	publisher = {Drustvo arhitekata Beograda \& Udruzenje arhitekata Srbije},
	month = oct,
	year = {2014}
}

@misc{petovar_princip_2014,
	title = {Princip proizvoljnosti i neautonomna profesija – okvir urbanog razvoja {Beograda} i pristup planiranju projekta ’’’{Beograd} na vodi’’},
	shorttitle = {Princip proizvoljnosti i neautonomna profesija},
	url = {http://www.czkd.org/princip-proizvoljnosti-i-neautonomna-profesija-okvir-urbanog-razvoja-beograda-i-pristup-planiranju-projekta-beograd-na-vodi/},
	abstract = {Princip proizvoljnosti i neautonomna profesija – okvir urbanog razvoja Beograda i pristup planiranju projekta ’’’Beograd na vodi’’  CKZD 23. oktobar 2014   Dr Ksenija Petovar, sociolog Profesor (u penziji) Arhitektonskog i Geografskog fakulteta Univerziteta u Beogradu   Princip proizvoljnosti i neautonomna profesija– okvir urbanog razvoja Beograda i pristup planiranju projekta...},
	language = {serbian},
	urldate = {2015-07-09},
	journal = {CZKd},
	author = {Petovar, Ksenija},
	month = oct,
	year = {2014},
	file = {Snapshot:C\:\\Users\\Darko\\AppData\\Roaming\\Zotero\\Zotero\\Profiles\\1gmpa49s.default\\zotero\\storage\\K7PQDKQU\\princip-proizvoljnosti-i-neautonomna-profesija-okvir-urbanog-razvoja-beograda-i-pristup-planira.html:text/html}
}

@book{world_bank_cities_2000,
	address = {Washington, D.C},
	title = {Cities in transition: {World} {Bank} urban and local government strategy},
	isbn = {978-0-8213-4591-7},
	shorttitle = {Cities in transition},
	publisher = {World Bank},
	editor = {{World Bank}},
	year = {2000},
	keywords = {City planning, Developing countries, Finance, urban development, Urban economics, urbanization, World Bank}
}

@misc{inicijativa_ne_davimo_beograd_analiza_2016,
	title = {Analiza ugovora "{Beograd} na vodi"},
	language = {serbian},
	publisher = {Inicijativa "Ne da(vi)mo Beograd"},
	author = {{Inicijativa "Ne da(vi)mo Beograd"}},
	year = {2016},
	keywords = {Belgrade waterfront}
}

@misc{sanu_nacrt_2014,
	title = {Nacrt {PPPPN} uredjenja dela priobalja grada {Beograda} - podrucje priobalja reke {Save} namenjenog za projekat "{Beograd} na vodi": {Primedbe} i sugestije},
	language = {serbian},
	publisher = {Radna grupa Inicijalnog odbora za arhitekturu i urbanizam odeljenja LMU-SANU},
	author = {SANU},
	year = {2014}
}

@misc{_izvestaj:_????,
	title = {Izveštaj: {NE} {DA}({VI}){MO} {BEOGRAD}},
	shorttitle = {Izveštaj},
	url = {http://www.czkd.org/izvestaj-ne-davimo-beograd/},
	abstract = {U utorak 22. jula održana je javna sednica Komisije za planove o Nacrtu Izmena i dopuna Generalnog plana Beograda 2021. na koji je 21 institucija i 238 građana podnelo preko 1200 pisanih primedbi. Najveći broj ovih primedbi je zajednički sastavilo stotinjak stručnjaka i građana na radnom stolu u Kulturnom centru...},
	urldate = {2017-02-11},
	journal = {CZKd},
	file = {Snapshot:C\:\\Users\\Darko\\AppData\\Roaming\\Zotero\\Zotero\\Profiles\\1gmpa49s.default\\zotero\\storage\\267ZRGEI\\izvestaj-ne-davimo-beograd.html:text/html}
}

@misc{akademija_arhitekture_srbije_deklaracija_2016,
	title = {Deklaracija o "{Beogradu} na vodi"},
	language = {serbian},
	author = {{Akademija Arhitekture Srbije}},
	month = jun,
	year = {2016}
}

@misc{akademija_arhitekture_srbije_deklaracija_2016-1,
	title = {Deklaracija o "{Beogradu} na vodi"},
	language = {serbian},
	author = {{Akademija Arhitekture Srbije}},
	month = may,
	year = {2016}
}

@misc{_javni_2016,
	title = {Javni dug {Republike} {Srbije} u periodu od 2000. godine do 30.04.2016. godine},
	language = {srpski},
	publisher = {Republika Srbija Ministarstvo Finansija},
	month = may,
	year = {2016}
}