
@misc{_city_2008,
	title = {City of {Belgrade} {Development} {Strategy}  ({BDS}) 2008-2016},
	shorttitle = {{BDS}},
	abstract = {Goals, concept and strategic priorities of sustainable development},
	language = {English},
	publisher = {Palgo centar},
	month = may,
	year = {2008},
	keywords = {belgrade, beograd, city, development, grad, strategija, strategy},
	file = {Snapshot:C\:\\Users\\Darko\\AppData\\Roaming\\Zotero\\Zotero\\Profiles\\1gmpa49s.default\\zotero\\storage\\UV5UFGMP\\City-of-Belgrade-Development-Strategy.html:text/html}
}

@misc{_prostorni_2015,
	title = {Prostorni plan podrucja posebne namene uredjenja dela priobalja grada {Beograda} – priobalja reke {Save} za projekat „{Beograd} na vodi” [{The} {Spatial} plan for special purpose area for arrangement of the part of {Belgrade} riverfront – waterfront of river {Sava} for the project “{Belgrade} waterfront”, {BWSP}]},
	year = {2015}
}

@misc{_izmene_2009,
	title = {Izmene i dopune {Generalnog} {Plana} {Beograda} 2021. {Faza} 2 [2009 {General} {Plan} 2021]},
	year = {2009}
}