
@misc{planet_ultimate_2012,
	title = {Ultimate party cities},
	url = {http://www.lonelyplanet.com/travel-tips-and-articles/39339},
	abstract = {Read Ultimate party cities},
	urldate = {2016-12-27},
	journal = {Lonely Planet},
	author = {Planet, Lonely},
	month = jun,
	year = {2012},
	file = {Snapshot:C\:\\Users\\anturija\\AppData\\Roaming\\Zotero\\Zotero\\Profiles\\9mpfrzht.default\\zotero\\storage\\QIWEVWF4\\39339.html:text/html}
}

@article{stojkov_crne_2015,
	address = {Belgrade, Serbia},
	edition = {Kulturni dodatak},
	title = {Crne i bele macke slobodnog trzista},
	language = {serbian},
	journal = {Politika},
	author = {Stojkov, Borislav},
	month = mar,
	year = {2015}
}

@article{stojkov_zaboravljene_2015,
	address = {Belgrade, Serbia},
	title = {Zaboravljene pouke "{Beograda} u sancu"},
	language = {serbian},
	journal = {Politika},
	author = {Stojkov, Borislav},
	month = mar,
	year = {2015}
}

@article{stojkov_djindjuve_2015,
	address = {Belgrade, Serbia},
	edition = {Nauka},
	title = {Djindjuve za naivni narod},
	language = {serbian},
	journal = {Politika},
	author = {Stojkov, Borislav},
	month = may,
	year = {2015}
}

@article{stojkov_sahrana_2015,
	address = {Belgrade, Serbia},
	edition = {Dijalog},
	title = {Sahrana zive profesije},
	language = {serbian},
	journal = {Danas},
	author = {Stojkov, Borislav},
	month = mar,
	year = {2015}
}

@article{politika_zemljiste_2015,
	address = {Belgrade, Serbia},
	title = {Zemljiste za "{Beograd} na vodi" ide pod zakup},
	language = {serbian},
	journal = {Politika},
	author = {{Politika}},
	month = mar,
	year = {2015}
}

@article{popovic_porusili_2016,
	title = {Porusili zgrade pod fantomkama},
	url = {http://www.novosti.rs/vesti/beograd.74.html:602850-Porusili-zgrade-pod-fantomkama},
	abstract = {Uklonjeni objekti u Hercegovačkoj i Ulici braće Krsmanović. Gradonačelnik Mali: Beograd nema ništa sa tim. GO Savski venac: Ne znamo ko je maltretirao ljude},
	urldate = {2017-01-31},
	journal = {Novosti},
	author = {Popovic, M. Lj. and Kovacevic, M. T.},
	month = apr,
	year = {2016},
	file = {Snapshot:C\:\\Users\\anturija\\AppData\\Roaming\\Zotero\\Zotero\\Profiles\\9mpfrzht.default\\zotero\\storage\\R6DXQF4J\\beograd.74.html:text/html}
}

@article{belic_parobrod_2014,
	title = {Parobrod „{Zupa}” isplovljava iz penzije},
	url = {http://www.politika.rs/sr/clanak/283438/Beograd/Parobrod-Zupa-isplovljava-iz-penzije},
	abstract = {Zapušteno i zarđalo plutajuće kulturno nasleđe – parobrod „Župa”, privezan na desnoj obali Save između „tramvajskog” i Brankovog mosta, u subotu će biti domaćin fešte koja bi ovom brodu trebalo da pomogne da „isplovi” iz zaborava. Na palubi će ugostiti svoje poštovaoce, okupljene u građansku inicijativu „Zajednica Župa”. Početak obnove ovog starog plovila koje je prošle godine navršilo vek od...},
	language = {serbian},
	urldate = {2017-01-31},
	journal = {Politika Online},
	author = {Belic, N.},
	month = feb,
	year = {2014},
	file = {Snapshot:C\:\\Users\\anturija\\AppData\\Roaming\\Zotero\\Zotero\\Profiles\\9mpfrzht.default\\zotero\\storage\\QVDNMP48\\Parobrod-Zupa-isplovljava-iz-penzije.html:text/html}
}

@misc{b92_savamala_2015,
	title = {Savamala među 12 najboljih kvartova u {Evropi}},
	url = {http://www.b92.net/putovanja/vesti.php?yyyy=2015&mm=06&dd=18&nav_id=1005692},
	abstract = {Prestižni američki magazin \&quot;Bussines Insider\&ldquo; svrstao je Savamalu u 12 najboljih i najuzbudljivijih kvartova u Evropi, istakavši pritom Festival Mikser kao glavnog \&quot;krivca\&quot; za urbanu i kulturnu transformaciju beogradskog kvarta.},
	language = {serbian},
	urldate = {2017-01-31},
	journal = {B92.net},
	author = {{B92}},
	month = jun,
	year = {2015},
	file = {Snapshot:C\:\\Users\\anturija\\AppData\\Roaming\\Zotero\\Zotero\\Profiles\\9mpfrzht.default\\zotero\\storage\\4KTKCH33\\vesti.html:text/html}
}

@article{_zabrana_2011,
	address = {Belgrade, Serbia},
	title = {Zabrana prodaje alkohola posle 22h neustavna},
	url = {http://www.vreme.com/cms/view.php?id=1076239&print=yes},
	language = {serbian},
	urldate = {2017-01-31},
	journal = {Vreme},
	year = {2011},
	file = {Vreme - Zabrana prodaje alkohola posle 22h neustavna:C\:\\Users\\anturija\\AppData\\Roaming\\Zotero\\Zotero\\Profiles\\9mpfrzht.default\\zotero\\storage\\TFJC27ST\\view.html:text/html}
}

@misc{_ne_????,
	type = {Wordpress},
	title = {Ne da(vi)mo {Beograd}},
	url = {https://nedavimobeograd.wordpress.com/},
	abstract = {Inicijativa Ne da(vi)mo Beograd},
	urldate = {2017-01-31},
	file = {Snapshot:C\:\\Users\\anturija\\AppData\\Roaming\\Zotero\\Zotero\\Profiles\\9mpfrzht.default\\zotero\\storage\\DQRN7M8S\\nedavimobeograd.wordpress.com.html:text/html}
}

@misc{_akcija_2014,
	address = {Belgrade, Serbia},
	title = {Akcija "{Ne} da(vi)mo {Beograd}"},
	url = {http://www.slobodnaevropa.org/a/25466317.html},
	abstract = {Grupa građana okupila se ispred beogradske Gradske uprave protestujući protiv urbanističkog projekta “Beograd na vodi”. Pod motom “Ne da(vi)mo Beograd”, građani i stručnjaci ukazuju da nikada nije vođena javna debata, niti je javnosti predočena analiza koja opravdava ovaj projekat.},
	language = {serbian},
	urldate = {2017-01-31},
	publisher = {Slobodna Evropa},
	month = jul,
	year = {2014},
	file = {Snapshot:C\:\\Users\\anturija\\AppData\\Roaming\\Zotero\\Zotero\\Profiles\\9mpfrzht.default\\zotero\\storage\\ZWMVEMNT\\25466317.html:text/html}
}

@article{_serbian_2016,
	title = {Serbian {Protesters} {Say} {Authorities} {Were} {Behind} {Demolitions}},
	shorttitle = {Serbian {Protesters} {Say} {Authorities} {Were} {Behind} {Demolitions}},
	url = {http://www.balkaninsight.com/en/article/thousands-serbians-protest-accusing-authorities-for-masked-demolition-05-12-2016},
	abstract = {Thousands of Serbian citizens protested against the authorities, accusing them of being involved in the Savamala demolition case and asking for their resignations.\&nbsp;},
	language = {english},
	urldate = {2017-01-31},
	journal = {Balkan Insight},
	month = may,
	year = {2016},
	file = {Snapshot:C\:\\Users\\anturija\\AppData\\Roaming\\Zotero\\Zotero\\Profiles\\9mpfrzht.default\\zotero\\storage\\BAZEHAZZ\\thousands-serbians-protest-accusing-authorities-for-masked-demolition-05-12-2016.html:text/html}
}

@article{eror_belgrades_2015,
	chapter = {Cities},
	title = {Belgrade's 'top-down' gentrification is far worse than any cereal cafe},
	issn = {0261-3077},
	url = {https://www.theguardian.com/cities/2015/dec/10/belgrade-top-down-gentrification-worse-than-cereal-cafe},
	abstract = {The little slice of Dubai that is the elitist Belgrade Waterfront development has united a strong protest movement – against a foe that really deserves it},
	language = {en-GB},
	urldate = {2017-01-31},
	journal = {The Guardian},
	author = {Eror, Aleks},
	month = dec,
	year = {2015},
	keywords = {Cereal Killer cafe, cities, Europe, Gentrification, Hackney, Life and style, London, Serbia, UK news, World news},
	file = {Guardian Snapshot:C\:\\Users\\anturija\\AppData\\Roaming\\Zotero\\Zotero\\Profiles\\9mpfrzht.default\\zotero\\storage\\4UCHG48T\\belgrade-top-down-gentrification-worse-than-cereal-cafe.html:text/html}
}

@misc{tulimirovic_protest_2016,
	title = {{PROTEST} "{NECE} {PROCI}" {Lazovic}: {Sve} nas je vise, grad je nas},
	url = {http://webcache.googleusercontent.com/search?q=cache:4vGV_uhNVywJ:www.blic.rs/vesti/beograd/protest-nece-proci-lazovic-sve-nas-je-vise-grad-je-nas/l5zpm8b+&cd=2&hl=en&ct=clnk&gl=ch},
	urldate = {2017-01-31},
	journal = {B92.net},
	author = {Tulimirović, Dunja},
	month = jun,
	year = {2016},
	file = {PROTEST "NEĆE PROĆI" Lazović\: Sve nas je više, grad je naš:C\:\\Users\\anturija\\AppData\\Roaming\\Zotero\\Zotero\\Profiles\\9mpfrzht.default\\zotero\\storage\\ZPX6ZBA7\\search.html:text/html}
}

@misc{the_spectacle_blog_inura_2014,
	title = {{INURA} criticise ‘{Belgrade} on the {Water}’ development},
	url = {http://www.spectacle.co.uk/spectacleblog/plana/inura-criticise-belgrade-on-the-water-development/},
	urldate = {2017-01-31},
	journal = {The Spectacle Blog},
	author = {{The Spectacle Blog}},
	month = aug,
	year = {2014},
	file = {Snapshot:C\:\\Users\\anturija\\AppData\\Roaming\\Zotero\\Zotero\\Profiles\\9mpfrzht.default\\zotero\\storage\\7HSE9TTZ\\inura-criticise-belgrade-on-the-water-development.html:text/html}
}

@misc{mitic_ekskluzivno:_2016,
	title = {Ekskluzivno: {Ko} stoji iza gradjanskih pokreta u {Srbiji} i sta su njihovi stavovi},
	shorttitle = {Ekskluzivno},
	url = {http://www.nedeljnik.rs/nedeljnik/portalnews/ekskluzivno-ko-stoji-iza-gradanskih-pokreta-u-srbiji-i-sta-su-njihovi-stavovi},
	abstract = {Nisu opozicija, nemaju lidere, ali ko su zapravo oni? U Inicijativi Ne da(vi)mo Beograd, pokretu kom tepaju},
	urldate = {2017-02-01},
	journal = {Nedeljnik},
	author = {Mitic, Ana and Miladinovic, Veljko},
	month = jun,
	year = {2016},
	file = {Snapshot:C\:\\Users\\anturija\\AppData\\Roaming\\Zotero\\Zotero\\Profiles\\9mpfrzht.default\\zotero\\storage\\NVRMIJIV\\ekskluzivno-ko-stoji-iza-gradanskih-pokreta-u-srbiji-i-sta-su-njihovi-stavovi.html:text/html}
}

@misc{__2014,
	title = {Шта Србија добија од „Београда на води”},
	url = {http://www.politika.rs/scc/clanak/283517/Sta-Srbija-dobija-od-Beograda-na-vodi},
	abstract = {{\textless}p{\textgreater}Колика ће бити добит од пројекта „Београд на води” и како ће Србија и арапски инвеститор расподелити профит, као и власништво над земљиштем – званичних информација о томе још нема. Једино што је процурело из нашег преговарачког табора јесте да је на столу и идеја да ће наша земља први новац видети кад партнер из Уједињених Арапских Емирата почне да продаје стамбене и пословне квадрате које ће...{\textless}/p{\textgreater}},
	urldate = {2017-02-11},
	journal = {Politika Online},
	author = {Мучибабић, Влада Вукасовић-Далиборка},
	year = {2014},
	file = {Snapshot:C\:\\Users\\anturija\\AppData\\Roaming\\Zotero\\Zotero\\Profiles\\9mpfrzht.default\\zotero\\storage\\4QP3UA79\\Sta-Srbija-dobija-od-Beograda-na-vodi.html:text/html}
}

@article{wright_belgrade_2015,
	chapter = {Cities},
	title = {Belgrade {Waterfront}: an unlikely place for {Gulf} petrodollars to settle},
	issn = {0261-3077},
	shorttitle = {Belgrade {Waterfront}},
	url = {https://www.theguardian.com/cities/2015/dec/10/belgrade-waterfront-gulf-petrodollars-exclusive-waterside-development},
	abstract = {A plan to pour £2.5bn into an exclusive waterside development has some locals praising the modernisation of their long-troubled city, while others cry foul},
	language = {en-GB},
	urldate = {2017-02-11},
	journal = {The Guardian},
	author = {Wright, Herbert},
	month = dec,
	year = {2015},
	keywords = {Architecture, Art and design, cities, Communities, Culture, Europe, Gentrification, Housing, Serbia, Society, World news},
	file = {Guardian Snapshot:C\:\\Users\\anturija\\AppData\\Roaming\\Zotero\\Zotero\\Profiles\\9mpfrzht.default\\zotero\\storage\\5RCCUSPM\\belgrade-waterfront-gulf-petrodollars-exclusive-waterside-development.html:text/html}
}

@misc{mucibabic_soping_2016,
	title = {Soping mol „{Beograda} na vodi” pred sudom javnosti},
	url = {http://www.politika.rs/sr/clanak/352085/Soping-mol-Beograda-na-vodi-pred-sudom-javnosti},
	abstract = {Jedan od najvećih šoping molova na Balkanu imaće 200.000 kvadrata, gotovo kao „Ušće” i „Delta siti” \&nbsp;zajedno i počeće da se gradi do kraja godine na desnoj obali Save u blizini mosta „Gazela”. Kako će izgledati to zdanje „Beograda na vodi” čiji dizajn potpisuje jedna od najznačajnijih svetskih kompanija za projektovanje RTKL biće poznato do kraja nedelje kada će u zgradi Gradske uprave na javnom uvidu biti izložen urbanistički projekat tržnog centra, potvrdili su juče za naš list u Sekretarijatu za urbanizam. Zasad je poznato da će domaća firma „Arhi.pro” razrađivati projekat šoping mola i da će pešačkom pasarelom biti povezan sa kulom „Beograd” od 168 metara (42 sprata), najvišom zgradom budućeg stambeno-poslovnog kompleksa. Urbanistički projekat kule stručnjaci i građani},
	urldate = {2017-02-11},
	journal = {Politika Online},
	author = {Mucibabic, Daliborka},
	month = mar,
	year = {2016},
	file = {Snapshot:C\:\\Users\\anturija\\AppData\\Roaming\\Zotero\\Zotero\\Profiles\\9mpfrzht.default\\zotero\\storage\\CTECGNGG\\Soping-mol-Beograda-na-vodi-pred-sudom-javnosti.html:text/html}
}

@article{ahmed_controversy_2016,
	chapter = {Business},
	title = {Controversy surrounds {Belgrade} {Waterfront} development},
	url = {http://www.bbc.com/news/business-36576420},
	abstract = {The Belgrade Waterfront development is being touted by officials as moving the city in a "positive direction" but the project is proving controversial.},
	language = {en-GB},
	urldate = {2017-02-11},
	journal = {BBC News},
	author = {Ahmed, Kamal, Guy Delauney},
	month = jun,
	year = {2016},
	file = {Snapshot:C\:\\Users\\anturija\\AppData\\Roaming\\Zotero\\Zotero\\Profiles\\9mpfrzht.default\\zotero\\storage\\I6SKQWI6\\business-36576420.html:text/html}
}

@misc{ekapija_beogradska_2014,
	title = {Beogradska kula, najveci trzni centar na {Balkanu}, dva hotela i stambene zgrade - "{Eagle} {Hills}" u "{Beograd} na vodi" ulaze 4 mlrd {EUR} ({FOTO})},
	url = {http://www.ekapija.com/website/bih/page/932994/Beogradska-kula-najve%C4%87i-tr%C5%BEni-centar-na-Balkanu-dva-hotela-i-stambene-zgrade-Eagle-Hills-u-Beograd-na-vodi-ula%C5%BEe-4-mlrd-EUR-FOTO},
	abstract = {(Otkivanje makete budućeg izleda Beograda na vodi) Već za dvije godine Beograđani će moći da vide drugačiji grad. To im je u petak (27. juna 2014. godine) obećao premijer Srbije Aleksandar V},
	urldate = {2017-02-14},
	author = {{eKapija}},
	year = {2014},
	file = {Snapshot:C\:\\Users\\anturija\\AppData\\Roaming\\Zotero\\Zotero\\Profiles\\9mpfrzht.default\\zotero\\storage\\3FJC9I8W\\Beogradska-kula-najveći-tržni-centar-na-Balkanu-dva-hotela-i-stambene-zgrade-Eagle-Hills-u-Beog.html:text/html}
}

@misc{n1_beograd_2016,
	title = {Beograd na vodi: {Trzni} centar na "javnom" uvidu},
	shorttitle = {Beograd na vodi},
	url = {http://rs.n1info.com/a154447/Biznis/Trzni-centar-u-Beogradu-na-vodi.html},
	abstract = {Urbanistički projekat za izgradnju tržnog centra u okviru "Beograda na vodi" stavljen je na javni uvid u zgradi Gradske uprave grada Beograda. Građani plan mogu da pogledaju i eventualne primedbe ulože, svakog radnog dana, do četvrtka 28. aprila.},
	urldate = {2017-02-14},
	journal = {N1 Srbija},
	author = {{N1}},
	year = {2016},
	file = {Snapshot:C\:\\Users\\anturija\\AppData\\Roaming\\Zotero\\Zotero\\Profiles\\9mpfrzht.default\\zotero\\storage\\FZDAMQ8H\\Trzni-centar-u-Beogradu-na-vodi.html:text/html}
}

@misc{_creative_????,
	type = {{MFG} {Innovation} {Agency} {Media} and {Creative} {Industries}},
	title = {Creative {Industries} on the rise in {Germany}},
	url = {https://innovation.mfg.de/en/news-and-features/creative-industries-on-the-rise-in-germany-1.40080},
	urldate = {2017-02-14},
	journal = {MFG}
}

@misc{_patka_2015,
	title = {Patka za poslanike i {Lex} specialis o {Beogradu} na vodi},
	url = {https://www.vice.com/rs/article/patka-za-poslanike-i-lex-specialis-o-beogradu-na-vodi},
	abstract = {Šta će žuta patka na suvom, ispred Skupštine Srbije, na dan glasanja o specijalnom zakonu koji će, navodno, regulisati pravne začkoljice oko Beograda na vodi?},
	urldate = {2017-02-14},
	journal = {Vice},
	month = apr,
	year = {2015},
	file = {Snapshot:C\:\\Users\\anturija\\AppData\\Roaming\\Zotero\\Zotero\\Profiles\\9mpfrzht.default\\zotero\\storage\\FC79S55K\\patka-za-poslanike-i-lex-specialis-o-beogradu-na-vodi.html:text/html}
}

@misc{_nastavak_2016,
	title = {Nastavak evidentiranja objekata i njihovih korisnika u obuhvatu projekta "{Beograd} na vodi"},
	url = {http://www.beoland.com/aktuelnostidgz/251-nastavak-evidentiranja-objekata-i-njihovih-korisnika-u-obuhvatu-projekta-beograd-na-vodi.html},
	urldate = {2017-02-14},
	month = may,
	year = {2016},
	file = {Nastavak evidentiranja objekata i njihovih korisnika u obuhvatu projekta "Beograd na vodi":C\:\\Users\\anturija\\AppData\\Roaming\\Zotero\\Zotero\\Profiles\\9mpfrzht.default\\zotero\\storage\\XIFKKCT2\\251-nastavak-evidentiranja-objekata-i-njihovih-korisnika-u-obuhvatu-projekta-beograd-na-vodi.html:text/html}
}

@misc{_raseljavanje_2015,
	title = {Raseljavanje zbog projekta “{Beograd} na vodi” – prevara},
	url = {http://www.princip.info/2015/05/21/6077/},
	abstract = {Prethodnih godinu dana, na zemljištu od Brankovog mosta do Gazele, očišćeni su hektari stambenog i građevinskog zemljišta u pripremi za izgradnju projekta “Beograd na vodi”. Iz ulica Ba…},
	urldate = {2017-02-14},
	journal = {Princip},
	month = may,
	year = {2015},
	file = {Snapshot:C\:\\Users\\anturija\\AppData\\Roaming\\Zotero\\Zotero\\Profiles\\9mpfrzht.default\\zotero\\storage\\P3BX4MSD\\6077.html:text/html}
}

@misc{_u_2016,
	title = {U susret 2017. godini},
	url = {http://www.uzb.rs/4/post/2016/12/u-susret-2017-godini.html},
	abstract = {Najava za jednu od najvećih i najdubljih promena u pristupu planiranja saobraćaja u Beogradu u poslednjih pedesetak godina predstavljena je u 2016. godini. Glavni urbanista najavljuje promenu...},
	urldate = {2017-02-14},
	journal = {Ulice za bicikliste},
	month = dec,
	year = {2016},
	file = {Snapshot:C\:\\Users\\anturija\\AppData\\Roaming\\Zotero\\Zotero\\Profiles\\9mpfrzht.default\\zotero\\storage\\F7QJ56VV\\u-susret-2017-godini.html:text/html}
}

@misc{jovanovic_dorcol_2016,
	title = {Dorcol {Platz}: {Novi} kulturni centar na {Dorcolu}},
	shorttitle = {Dorćol {Platz}},
	url = {http://citymagazine.rs/clanak/dorcol-platz-novi-kulturni-centar-na-dorcolu},
	abstract = {U  okviru ovogodišnje manifestacije  „Noć muzeja“ 21. maja, biće predstavljen i novi  kulturni centar na donjem Dorćolu. Dorćol Platz se nalazi na prostoru nekadašnjeg zapuštenog hangara, a nastao je sa idejom da se osmisli nova dorćolska kreativna i kulturna oaza.},
	urldate = {2017-02-14},
	journal = {City Magazine - Besplatni magazin za urbani životni stil},
	author = {Jovanovic, Jelena},
	month = may,
	year = {2016},
	file = {Snapshot:C\:\\Users\\anturija\\AppData\\Roaming\\Zotero\\Zotero\\Profiles\\9mpfrzht.default\\zotero\\storage\\FZ6JJSWP\\dorcol-platz-novi-kulturni-centar-na-dorcolu.html:text/html}
}

@misc{novosti_vucic_2016,
	title = {Vucic i ambasador {UAE}: {Beograd} na vodi pokretac srpske ekonomije},
	shorttitle = {Vučić i ambasador {UAE}},
	url = {http://www.novosti.rs/vesti/naslovna/ekonomija/aktuelno.239.html:629682-Vucic-i-ambasador-UAE-Beograd-na-vodi-pokretac-srpske-ekonomije},
	abstract = {Premijer Srbije Aleksandar Vučić i ambasador Ujedinjenih Arapskih Emirata Džuma Rašidm Al Daheri izrazili su danas zadovoljstvo napretkom radova na projektu "Beograd na vodi"},
	urldate = {2017-02-14},
	author = {{Novosti}},
	month = dec,
	year = {2016},
	file = {Snapshot:C\:\\Users\\anturija\\AppData\\Roaming\\Zotero\\Zotero\\Profiles\\9mpfrzht.default\\zotero\\storage\\HU94GW77\\aktuelno.239.html:text/html}
}

@misc{ne_davimo_beograd_ne_2015,
	title = {Ne davimo {Beograd}},
	url = {https://www.facebook.com/nedavimobeograd/?fref=ts},
	language = {serbian},
	urldate = {2017-02-14},
	publisher = {Facebook [Fun Page]},
	author = {{Ne davimo Beograd}},
	year = {2015},
	file = {Ne davimo Beograd:C\:\\Users\\anturija\\AppData\\Roaming\\Zotero\\Zotero\\Profiles\\9mpfrzht.default\\zotero\\storage\\B2PQBJAV\\nedavimobeograd.html:text/html}
}