
@article{stojkov_sahrana_2015,
	address = {Belgrade, Serbia},
	edition = {Dijalog},
	title = {Sahrana zive profesije},
	language = {serbian},
	journal = {Danas},
	author = {Stojkov, Borislav},
	month = mar,
	year = {2015},
	file = {Stojkov_2015-03-30_Danas_Sahrana Profesije.pdf:Z\:\\My Documents\\phd documents\\library\\docs\\serbia\\media\\Stojkov_2015-03-30_Danas_Sahrana Profesije.pdf:application/pdf}
}

@article{_akademija_2015,
	address = {Belgrade, Serbia},
	title = {Akademija arhitekture {Srbije}: obustaviti "{Beograd} na vodi"},
	language = {serbian},
	journal = {Politika},
	month = jul,
	year = {2015},
	file = {Politika_2015-03-07_AAS protiv BWP.pdf:Z\:\\My Documents\\phd documents\\library\\docs\\serbia\\media\\Politika_2015-03-07_AAS protiv BWP.pdf:application/pdf}
}

@article{_zemljiste_2015,
	address = {Belgrade, Serbia},
	title = {Zemljiste za "{Beograd} na vodi" ide pod zakup},
	language = {serbian},
	journal = {Politika},
	month = mar,
	year = {2015},
	file = {Politika_2015-03-20_Zemljiste pod zakup.pdf:Z\:\\My Documents\\phd documents\\library\\docs\\serbia\\media\\Politika_2015-03-20_Zemljiste pod zakup.pdf:application/pdf}
}

@article{_advokati:_2015,
	address = {Belgrade, Serbia},
	title = {Advokati: {Projekat} "{Beograd} na vodi" neustavan},
	language = {serbian},
	journal = {Danas},
	month = mar,
	year = {2015},
	file = {Danas_2015-03-30_Advokati Projekat Neustavan.pdf:Z\:\\My Documents\\phd documents\\library\\docs\\serbia\\media\\Danas_2015-03-30_Advokati Projekat Neustavan.pdf:application/pdf}
}

@article{bukvic_ko_2015,
	address = {Belgrade, Serbia},
	title = {Ko prodaje "macku u dzaku"?},
	language = {serbian},
	journal = {Danas},
	author = {Bukvic, Lj. and Milosevic, A.},
	month = mar,
	year = {2015},
	file = {Danas_2015-03-17_Ko prodaje macku u dzaku.pdf:Z\:\\My Documents\\phd documents\\library\\docs\\serbia\\media\\Danas_2015-03-17_Ko prodaje macku u dzaku.pdf:application/pdf}
}

@article{_ne_2016,
	title = {Ne da(vi)mo {Beograd}. {Hronologija} nacionalnog znacaja},
	volume = {II},
	language = {serbian},
	number = {2},
	journal = {Ne da(vi)mo Beograd},
	year = {2016},
	file = {2016_ Ne da(vi)mo Beograd 2.pdf:Z\:\\My Documents\\phd documents\\library\\docs\\serbia\\media\\2016_ Ne da(vi)mo Beograd 2.pdf:application/pdf}
}

@misc{malenovic__2016,
	title = {Ко је стварни власник „Београда на води“: Ни Алах им неће опростити},
	shorttitle = {Ко је стварни власник „Београда на води“},
	url = {https://www.srbijadanas.net/ko-je-stvarni-vlasnik-beograda-na-vodi-ni-alah-im-nece-oprostiti/},
	abstract = {Београд – Утицајни амерички часопис Форбс у издању од 8. децембра описао је пројекат „Београд на води“ као неслану шалу из Абу Дабија, уз тврдњу да је мног},
	urldate = {2017-02-01},
	journal = {Србија Данас},
	author = {Malenovic, Milan},
	month = dec,
	year = {2016}
}

@misc{lazovic_kako_2015,
	title = {Kako smo zamalo kupili stan u {Beogradu} na vodi},
	url = {http://pescanik.net/kako-smo-zamalo-kupili-stan-u-beogradu-na-vodi/},
	abstract = {Stanovi nisu ni bili na prodaju, već je kupcima ponuđen ugovor o rezervaciji i obaveza da bez uvida u kupoprodajni ugovor uplate 1.000 evra, bespovratno.},
	urldate = {2017-02-01},
	journal = {Peščanik},
	author = {Lazovic, Radomir},
	month = oct,
	year = {2015},
	file = {Snapshot:C\:\\Users\\anturija\\AppData\\Roaming\\Zotero\\Zotero\\Profiles\\9mpfrzht.default\\zotero\\storage\\C6FUW9VX\\kako-smo-zamalo-kupili-stan-u-beogradu-na-vodi.html:text/html}
}

@article{stojanovic_fajon:_2017,
	title = {Fajon: {Očekujem} bolju saradnju vlade sa ombudsmanom},
	shorttitle = {Fajon},
	url = {http://www.danas.rs/politika.56.html?news_id=336153&title=Fajon%3a+O%c4%8dekujem+bolju+saradnju+vlade+sa+ombudsmanom},
	abstract = {Predstavnici institucija EU u Briselu dobili su ozbiljne kritike što se slučaj Savamala ne pominje u godišnjem izveštaju Evropske komisije, budući da je jedan od principa Evropske unije insistiranje na poštovanju vladavine prava.},
	language = {serbian},
	urldate = {2017-02-01},
	journal = {Dnevni list Danas},
	author = {Stojanovic, M.},
	month = jan,
	year = {2017},
	file = {Snapshot:C\:\\Users\\anturija\\AppData\\Roaming\\Zotero\\Zotero\\Profiles\\9mpfrzht.default\\zotero\\storage\\VPK3A8Z8\\politika.56.html:text/html}
}

@misc{mitic_ekskluzivno:_????,
	title = {Ekskluzivno: {Ko} stoji iza građanskih pokreta u {Srbiji} i šta su njihovi stavovi},
	shorttitle = {Ekskluzivno},
	url = {http://www.nedeljnik.rs/nedeljnik/portalnews/ekskluzivno-ko-stoji-iza-gradanskih-pokreta-u-srbiji-i-sta-su-njihovi-stavovi},
	abstract = {Nisu opozicija, nemaju lidere, ali ko su zapravo oni? U Inicijativi Ne da(vi)mo Beograd, pokretu kom tepaju},
	urldate = {2017-02-01},
	journal = {Nedeljnik},
	author = {Mitic, Ana and Miladinovic, Veljko},
	file = {Snapshot:C\:\\Users\\anturija\\AppData\\Roaming\\Zotero\\Zotero\\Profiles\\9mpfrzht.default\\zotero\\storage\\NVRMIJIV\\ekskluzivno-ko-stoji-iza-gradanskih-pokreta-u-srbiji-i-sta-su-njihovi-stavovi.html:text/html}
}