
@misc{_city_2008,
	title = {City of {Belgrade} {Development} {Strategy}  ({BDS}) 2008-2016},
	shorttitle = {{BDS}},
	abstract = {Goals, concept and strategic priorities of sustainable development},
	language = {English},
	publisher = {Palgo centar},
	month = may,
	year = {2008},
	keywords = {belgrade, beograd, city, development, grad, strategija, strategy},
	file = {City of Belgrade Development Strategy.pdf:Z\:\\My Documents\\phd documents\\library\\docs\\serbia\\plansko zakonodavstvo\\strategije_akcioni planovi_direktive\\City of Belgrade Development Strategy.pdf:application/pdf;Snapshot:C\:\\Users\\anturija\\AppData\\Roaming\\Zotero\\Zotero\\Profiles\\9mpfrzht.default\\zotero\\storage\\UV5UFGMP\\City-of-Belgrade-Development-Strategy.html:text/html}
}

@misc{_program_2014,
	title = {Program uredjivanja i davanja u zakup gradjevinskog zemljista za 2014. [{Programme} on development and lease of construction land for 2014]},
	year = {2014}
}

@misc{_alternativni_2016,
	title = {Alternativni izvestaj o sprovodjenju {Nacionalne} strategije za borbu protiv korupcije 2013 – 2018. i {Akcionog} plana [{Alternative} report on the implementation of the {National} {Strategy} for {Combating} {Corruption} 2013 - 2018 and the {Action} {Plan}]},
	url = {http://www.acas.rs/wp-content/uploads/2016/02/Drugi-alternativni-izve%C5%A1taj-o-sprovodjenju-antikorupcijske-strategije-BCBP-2015.pdf},
	year = {2016}
}

@misc{_pravilnik_2012,
	title = {Pravilnik o metodologiji i proceduri realizacije projekata od znacaja za {Republiku} {Srbiju} [{Ordnance} on the methodology and procedure of realisation of projects significant for the {Republic} of {Serbia}].},
	year = {2012}
}

@misc{_odluka_2014,
	title = {Odluka  05 {Vlade} {Republike} {Srbije} [{Decision} of the {Government} of {Serbia}]},
	month = jun,
	year = {2014}
}

@misc{_pravilnik_2012-1,
	title = {Pravilnik o sadržini i obimu prethodnih radova, prethodne studije  opravdanosti i studije opravdanosti [{Ordnance} on the content and scope of previous works, previous feasibility studies and feasibility studies]},
	url = {http://www.putevi-srbije.rs/pdf/regulativa/pravilnik_PSO_i_SO_01-12.pdf},
	year = {2012}
}

@misc{_generalni_2016,
	title = {Generalni urbanisticki plan {Beograda} [{General} urban plan of {Belgrade}]},
	year = {2016}
}

@misc{_sporazum_2013,
	title = {Sporazum o saradnji izmedju {Vlade} {Republike} {Srbije} i {Vlade} {Ujedinjenih} {Arapskih} {Emirata}  [{The} {Agreement} on {Cooperation} between the {Government} of the {Republic} of {Serbia} and the {Government} of {United} {Arab} {Emirates}]},
	year = {2013}
}

@misc{_odluka_2014-1,
	title = {Odluka o prestanku vazenja {Studije} visokih objekata {Beograda} [{The} {Decision} on the termination of a {Study} of high-rise buildings of {Belgrade}]},
	month = apr,
	year = {2014}
}

@misc{_izmene_2014,
	title = {Izmene i dopune {Generalnog} plana {Beograda} 2021 [{The} {Amendments} on the {Master} plan of {Belgrade}]},
	year = {2014}
}

@misc{_misljenje_2014,
	title = {Misljenje o proceni rizika korupcije u odredbama {Predloga} zakona o utvrdjivanju javnog interesa i posebnim postupcima eksproprijacije i izdavanja gradjevinske dozvole radi realizacije projekta izgradnje “{Beograd} navodi” [{Opinion} on estimation of the risk of corruption in the provisions of the draft law on establishing the public interest and the special procedures of expropriation and the issuance of a building permit for the realization of the project of construction of  “{Beograd} navodi”]},
	url = {http://www.acas.rs/wp-content/uploads/2012/12/Misljenje-o-Predlogu-zakona-o-Beogradu-na-vodi-final-1.pdf},
	year = {2014}
}

@misc{_prostorni_2015,
	title = {Prostorni plan podrucja posebne namene uredjenja dela priobalja grada {Beograda} – priobalja reke {Save} za projekat „{Beograd} na vodi” [{The} {Spatial} plan for special purpose area for arrangement of the part of {Belgrade} riverfront – waterfront of river {Sava} for the project “{Belgrade} waterfront”, {BWSP}]},
	year = {2015}
}

@misc{_generalni_2009,
	title = {Generalni plan {Beograda} 2021 [{General} {Plan} of {Belgrade} 2021]},
	year = {2009}
}

@misc{_ustav_2006,
	title = {Ustav {Republike} {Srbije} [{Constitution} of the {Republic} of {Serbia}]},
	year = {2006}
}

@misc{_odluka_2015,
	title = {Odluka o gradjevinskom zemljistu [{The} {Decision} on the construction land]},
	year = {2015}
}

@misc{_uredba_2015,
	title = {Uredba o uslovima i postupku otudjenja ili davanja u zakup gradjevinskog zemljista u javnoj svojini {RS} po ceni manjoj od trzisne ili bez naknade [{Regulation} on the conditions and procedure for alienation or lease of construction land in public ownership {RS} at a price lower than the market or free of charge]},
	year = {2015}
}

@misc{_jva_2015,
	title = {{JVA} {BWP} – {Joint} {Venture} {Agreement} {Belgrade} {Waterfront} {Project}},
	url = {http://www.media.srbija.gov.rs/medsrp/dokumenti/beograd-na-vodi-eb.zip},
	month = apr,
	year = {2015}
}

@misc{_zakon_2009,
	title = {Zakon o kontroli drzavne pomoci [{Act} on control of state aid]},
	year = {2009}
}

@misc{_zakon_2013,
	title = {Zakon o eksproprijaciji [{Law} on expropriation]},
	year = {2013}
}

@misc{_zakljucak_2014,
	title = {Zakljucak 05 {Vlade} {Republike} {Srbije} [{Conclusion} of the {Government} of {Serbia}]},
	month = may,
	year = {2014}
}

@misc{_zakon_2015,
	title = {Zakon o utvrdjivanju javnog interesa  i posebnim postupcima eksproprijacije i izdavanja gradjevinske dozvole radi realizacije projekta “{Beograd} navodi” [{Lex} specialis– {The} {Law} {Establishing} the {Public} {Interest} and {Special} {Procedures} of {Expropriation} and the {Issuance} of {Construction} {Permit} for the {Project} “{Belgrade} {Waterfront}“]},
	url = {http://www.parlament.gov.rs/upload/archive/files/lat/pdf/predlozi_zakona/547-15%20-%20lat.pdf},
	year = {2015}
}

@misc{_zakon_2013-1,
	title = {Zakon o potvrdjivanju {Sporazuma} o saradnji između {Vlade} {Republike} {Srbije} i {Vlade} {Ujedinjenih} {Arapskih} {Emirata} [{The} {Act} confirming the {Agreement} on {Cooperation} between the {Government} of the {Republic} of {Serbia} and the {Government} of {United} {Arab} {Emirates}]},
	year = {2013}
}

@misc{_zakon_2014,
	title = {Zakon o planiranju i izgradnji [{Planning} and {Construction} {Act}]},
	year = {2014}
}

@misc{_nacionalna_2008,
	title = {Nacionalna strategija odzivog razvoja [{National} {Sustainable} {Development} {Strategy}] ({NSDS})},
	language = {English},
	year = {2008}
}