
@techreport{un_habitat_state_2012,
	address = {Nairobi, Kenya},
	title = {State of the {World}’s {Cities} 2012/2013},
	url = {https://ps.userapi.com/c6209/u41132916/docs/95ff7d0c5cc8/State_of_the_World_39_s_Cities_2012-2013_UN_Hab.pdf},
	language = {English},
	urldate = {2013-06-16},
	institution = {UN Habitat},
	author = {UN Habitat},
	year = {2012}
}

@techreport{_finansiranje_2013,
	title = {Finansiranje komunalnog opremanja građevinskog zemljišta u lokalnim samoupravama {Hrvatske}, {Slovenije}, {Crne} {Gore}  i {Nemačke} - iskustva  i preporuke za  {Srbiju}},
	language = {serbian},
	institution = {SKGO},
	year = {2013},
	file = {SKGO_2013_Finansiranje komunalnog opremanja gradjevinskog zemljista.pdf:Z\:\\My Documents\\phd documents\\library\\docs\\serbia\\articles_zbornici_prirucnici\\SKGO_2013_Finansiranje komunalnog opremanja gradjevinskog zemljista.pdf:application/pdf}
}

@book{krusche_bureau_2015,
	address = {Berlin},
	title = {Bureau {Savamala} {Belgrade}: {Urban} {Research} and {Practice} in a {Fast}-{Changing} {Neighborhood}},
	isbn = {978-3-86859-359-4},
	shorttitle = {Bureau {Savamala} {Belgrade}},
	abstract = {This publication sheds new light on how renewal of cities can take place without gentrifying them, and how art can initiate such processes, looking at the Savamala district of Belgrade. Local architects and artists present projects designed to contribute to the development of the district.},
	language = {English},
	publisher = {Jovis},
	editor = {Krusche, Jürgen and Klaus, Philipp},
	month = nov,
	year = {2015}
}

@techreport{muller-wieferig_urban_2013,
	address = {Belgrade, Serbia},
	title = {Urban {Incubator} {Belgrade}: {Report} of {Programme} {Year} 2013},
	language = {English},
	institution = {Goethe Institute},
	author = {Müller-Wieferig, Matthias and Herzen, Elena},
	year = {2013},
	file = {UIBProgrammeYear2013_Report_ FINAL PRINT.pdf:Z\:\\My Documents\\phd documents\\thesis\\work in progress\\data\\notes\\serbia_case study\\belgrade\\savamala\\urban incubator\\UIBProgrammeYear2013_Report_ FINAL PRINT.pdf:application/pdf}
}