
@misc{_statistics_????,
	title = {Statistics},
	url = {https://www.unicef.org/infobycountry/serbia_11601.html#118},
	urldate = {2017-01-28},
	journal = {UNICEF},
	file = {Snapshot:C\:\\Users\\Darko\\AppData\\Roaming\\Zotero\\Zotero\\Profiles\\1gmpa49s.default\\zotero\\storage\\ZUTXN579\\serbia_11601.html:text/html}
}